2580 4372
458 187 459 191 =
547 156 577 208 X.
596 155 680 207 Dlth.
701 159 724 209 3.
1135 153 1174 214 63

189 327 310 387 Interim
326 328 355 387 in
372 328 508 387 morbum
524 327 626 388 incidit
640 328 809 408 Dionysius.
840 328 905 398 Quo
921 346 988 387 cum
1004 330 1082 406 gravi
1104 348 1175 390 con·
1191 343 1205 390 4

101 412 273 488 llictaretur,
290 412 432 490 quaesivit
447 431 462 472 a
478 412 598 472 medicis
609 413 702 488 Dion,
725 413 971 490 quemadmodum
987 431 1024 473 sc
1045 414 1175 490 haberet,

102 497 251 574 simulque
272 497 308 558 ab
330 497 377 557 his
398 497 497 576 petiit,
524 497 548 556 si
568 498 645 558 sorte
665 498 769 558 maiori
792 505 869 559 esset
889 498 1038 576 periculo,
1065 507 1098 558 ut
1120 500 1175 560 sibi

100 583 279 643 faterentur:
303 602 369 642 nam
391 582 464 642 velle
486 601 517 642 se
539 600 605 642 cum
629 602 663 643 eo
687 582 816 661 colloqui
839 583 874 642 de
895 583 1049 660 partiendo
1071 603 1174 663 regno,

101 669 182 746 quod
198 668 309 728 sororis
324 686 394 729 suae
409 666 485 726 salios
501 686 536 727 ex
551 666 601 726 illo
617 676 703 747 natos
714 677 826 747 partem
838 668 923 745 regni
935 668 1055 745 putabat
1066 669 1174 731 debere

101 753 220 813 habere.
249 753 281 812 ld
305 753 410 813 medici
433 770 494 812 uon
516 761 673 813 tacuerunt
695 763 724 813 et
745 753 780 812 ad
797 753 970 832 Dionysium
992 754 1084 814 tilium
1111 767 1203 815 ser-5

100 856 219 898 monem
235 839 410 898 retulerunt.
440 837 504 907 Quo
528 836 576 897 ille
599 846 780 911 commotus,
804 857 841 898 ne
862 839 968 916 agendi
989 848 1066 900 esset
1086 839 1173 899 Dioni

100 933 240 1002 potestas,
256 923 333 1001 patri
348 941 485 1001 soporem
501 922 631 982 medicos
647 923 716 983 dare
732 923 837 1001 coegit.
867 923 931 984 lloc
946 942 1033 1001 aeger
1054 932 1172 1004 sumpto

99 1009 225 1086 sopitus,
241 1008 317 1067 diem
334 1007 406 1067 obiit
420 1025 601 1086 supremum.

186 1093 255 1152 Tale
270 1093 387 1152 initium
402 1093 459 1153 luit
472 1091 575 1152 Dionis
591 1100 619 1152 et
634 1091 767 1170 Dionysii
782 1093 946 1167 simultatio,
963 1112 1055 1171 eaque
1070 1094 1171 1154 multis
1186 1101 1204 1160 3

98 1178 189 1238 rebus
204 1185 287 1238 aucta
303 1185 355 1238 est.
382 1178 440 1238 Sed
456 1185 553 1236 tarneu
569 1177 672 1255 primis
687 1177 871 1256 temporibus
885 1177 1065 1256 aliquamdiu
1081 1179 1172 1239 simu·

97 1263 155 1323 lata
170 1263 248 1323 inter
263 1282 313 1324 eos
336 1262 461 1323 amicitia
481 1262 598 1322 mansit.
637 1262 707 1323 Cum
730 1263 805 1322 Dion
827 1282 888 1323 non
911 1263 1066 1323 desisteret
1086 1265 1172 1324 obse·

98 1366 182 1407 crare
197 1348 380 1429 Dionysium,
394 1357 426 1408 ut
437 1347 588 1407 Platonem
604 1348 727 1407 Athenis
742 1355 904 1408 arcesseret
919 1355 947 1408 et
962 1349 1025 1408 eius
1041 1349 1172 1409 consiliis
1265 1371 1268 1375 ·

98 1440 241 1509 uteretur,
264 1433 322 1506 ille,
346 1433 397 1510 qui
420 1433 449 1491 in
473 1432 569 1510 aliqua
593 1431 725 1492 revellet
748 1440 859 1510 patrem
883 1433 999 1507 imitari,
1015 1452 1127 1494 morem
1144 1435 1169 1494 ei

97 1518 197 1596 gessit.
228 1517 399 1595 Eodemque
422 1527 554 1595 tempore
577 1516 732 1577 Philistum
753 1517 925 1578 historicum
942 1517 1102 1596 Syracusas
1124 1526 1200 1580 re·2

98 1604 196 1677 duxit,
221 1598 377 1663 'hominem
407 1602 532 1662 amicum
562 1621 622 1661 non
650 1602 743 1680 magis
765 1611 892 1680 tyranno
915 1621 1002 1680 quam
1026 1604 1168 1682 tyrannis.

97 1689 157 1748 Sed
178 1689 214 1749 dc
234 1689 292 1748 hoc
313 1689 344 1747 in
368 1706 402 1747 eo
424 1687 499 1747 libro
523 1687 609 1764 plura
630 1695 701 1747 sunt
722 1688 869 1765 exposita,
892 1687 943 1765 qui
965 1688 1001 1746 de
1021 1687 1169 1747 historicis

97 1773 217 1833 Graecis
239 1773 427 1850 conscriptus
444 1779 497 1832 est.
541 1771 622 1831 Plato
646 1779 742 1831 autem
765 1778 880 1832 tantum
902 1772 981 1850 apud
996 1772 1198 1850 Dionysiuma

54 1913 56 1918 ,
95 1857 271 1918 auctoritate
287 1859 384 1934 potuit
399 1857 547 1934 valuitque
563 1856 740 1933 eloquentia,
756 1865 789 1916 ut
801 1857 827 1916 ei
843 1857 1022 1935 persuaserit
1036 1858 1168 1935 tyranni-

95 1943 140 2003 dis
156 1943 252 2003 sacerc
266 1943 355 2002 finem
370 1942 592 2018 libertatemque
608 1942 731 2002 reddere
742 1941 948 2021 Syracusanis3
965 1960 980 2000 a
997 1960 1054 2020 qua
1064 1942 1168 2003 volun-

95 2035 154 2088 tate
169 2027 284 2088 Philisti
299 2026 423 2086 consilio
440 2026 596 2087 deterritus
612 2026 761 2105 aliquanto
778 2027 925 2088 crudelior
941 2045 1004 2088 esse
1020 2027 1125 2104 coepit.
1164 2026 1167 2032 “

164 2197 187 2246 4.
207 2198 255 2246 361
274 2210 299 2243 v.
319 2193 362 2243 Gh.
381 2222 414 2231 —
434 2193 490 2255 Quo
516 2208 575 2242 cnm
599 2195 681 2257 graui
704 2209 727 2243 u.
746 2208 766 2244 s.
785 2209 817 2244 w.
837 2192 877 2242 ‘da
905 2208 931 2244 er
956 2193 1042 2244 hieran
1070 2193 1169 2245 schwer

92 2263 151 2314 litt'.
182 2261 265 2313 Groui
282 2262 315 2313 ist
332 2261 484 2327 Apposition
503 2261 536 2310 ‘in
556 2260 600 2311 der
617 2260 711 2322 Weise,
730 2259 789 2312 dass
808 2261 845 2311 sie
863 2261 919 2312 eine
938 2262 1052 2313 schwere
1070 2263 1139 2311 war’.

164 2333 264 2380 tuciori
278 2330 401 2395 periculo
425 2329 459 2380 ist
482 2328 527 2379 der
544 2328 660 2391 Ablatir,
686 2328 771 2379 iudom
790 2328 830 2377 die
847 2327 963 2379 Lateiner
990 2329 1114 2379 zuweilen
1140 2328 1166 2379 in

92 2398 174 2463 Fulge
193 2399 262 2449 einer
283 2413 437 2463 ungenauen
453 2396 626 2462 hnscbauung
644 2395 704 2461 das,
731 2411 784 2446 was
802 2396 910 2447 demand
928 2396 986 2459 hat,
1012 2395 1073 2447 oder
1097 2396 1167 2447 seinc

92 2466 162 2532 Lago
180 2465 217 2517 als
235 2466 304 2517 scine
322 2465 484 2531 Eigenschalt
503 2463 663 2515 bezeichnen.
699 2463 818 2528 Hduhger
842 2463 921 2514 heisst
945 2479 972 2515 es
996 2464 1042 2514 mit
1066 2478 1167 2515 unserm

93 2534 229 2585 Ausdruch
247 2531 485 2584 bbereinstimmend
503 2535 533 2581 tn
552 2533 641 2596 aliquo
660 2533 780 2597 periculo
800 2549 859 2581 osce.
1145 2530 1147 2534 “

164 2602 235 2667 quod
252 2618 276 2652 u.
296 2617 315 2652 s.
334 2618 367 2652 w.
386 2599 547 2666 Bemerhung
565 2599 609 2651 des
627 2600 723 2666 Nepos,
746 2600 786 2650 die
804 2600 859 2650 sich
878 2615 908 2650 an
928 2599 972 2650 das
992 2599 1031 2650 bei
1049 2598 1092 2650 der
1109 2615 1167 2651 vor-

92 2669 272 2735 hergehenden
292 2667 377 2720 Oratio
396 2668 499 2733 obliqua
518 2668 642 2732 gedachte
660 2668 770 2720 Verbum
789 2667 889 2719 dicendi
913 2667 1064 2718 anschliesst
1080 2695 1114 2704 -
1133 2684 1166 2717 eac

93 2738 141 2788 illo
160 2744 239 2787 natos
256 2737 363 2788 ‘welche
381 2736 418 2787 sie
431 2737 519 2799 Jenem
537 2737 665 2801 geboren'.
1056 2793 1059 2798 ,

96 2847 97 2850 ,
163 2809 186 2856 5.
205 2805 291 2866 filium
310 2804 375 2855 ‘dem
396 2804 512 2870 jungen’.
530 2833 564 2840 —
589 2811 733 2856 commotus
755 2805 805 2855 wie
824 2807 943 2870 pernaott'
964 2801 1028 2854 hlilt.
1047 2806 1072 2863 l,
1092 2805 1114 2853 3.
1132 2831 1166 2840 -

94 2874 194 2939 agendi
211 2874 265 2923 ‘mit
281 2873 334 2922 ihm
351 2888 383 2923 zu
401 2871 541 2937 spreehen',
560 2872 609 2924 wie
627 2873 688 2922 Cim.
709 2877 730 2938 1,
750 2875 774 2925 3.
793 2901 823 2909 —
842 2887 923 2936 sopor
940 2871 995 2920 hier
1011 2871 1036 2921 in
1056 2870 1100 2921 der
1118 2871 1167 2921 sel·
1189 2922 1198 2933 .

92 2946 169 2993 tenen
189 2941 340 3007 Bedeutung
357 2939 545 2991 ‘Schlastrunh'.
675 2978 678 2982 -
749 2987 752 2992 .

163 3005 191 3066 3.
221 3013 241 3060 1.
270 3012 326 3058 elato
351 3008 469 3058 conciliis
487 3013 608 3058 atteretur
626 3008 675 3058 wie
699 3007 787 3059 Them.
808 3009 1165 3070 1o‚a.-qoa-1·mua2·2·.

91 3077 167 3129 Diese
185 3076 346 3142 Bemerhung
363 3078 396 3127 ist
414 3075 576 3140 ungeeignet‚
595 3075 644 3126 wie
662 3077 685 3138 2,
705 3079 719 3128 3
738 3074 788 3125 und
807 3075 848 3126 die
866 3074 938 3125 Anm.
958 3089 987 3123 zu
1007 3074 1037 3137 2,
1056 3076 1069 3124 2
1088 3074 1164 3138 zeigt.

90 3145 166 3197 Diese
183 3145 275 3197 zweite
291 3142 472 3196 huwesenheit
490 3143 534 3194 des
553 3142 627 3194 Plato'
642 3144 668 3193 in
686 3142 788 3195 Sicilien
806 3143 903 3194 wilnte
920 3157 971 3193 von
991 3144 1038 3194 367
1058 3142 1097 3192 bis
1116 3143 1164 3193 365

90 3230 114 3264 v.
135 3214 179 3265 Gh.
197 3241 230 3252 —-
248 3213 383 3264 velletwie
398 3214 518 3277 potuerit
535 3213 559 3275 2,
578 3213 603 3262 2.

160 3285 184 3334 2.
203 3282 330 3333 Philistus
347 3296 401 3331 avar
418 3294 478 3330 vom
503 3279 583 3330 alteru
601 3279 697 3345 Dionys
720 3279 851 3330 verbannt.
893 3278 926 3328 Er
952 3276 1051 3328 schrieb
1078 3289 1165 3325 ausser

91 3350 135 3402 der
153 3351 234 3402 dltern
253 3348 405 3402 Geschicbte
422 3345 537 3398 Siciliens
555 3347 693 3398 besonders
712 3346 752 3398 die
771 3347 815 3399 des
834 3347 929 3398 alteren
949 3343 999 3394 und
1018 3343 1062 3405 der
1080 3346 1164 3394 ersten

91 3417 147 3470 Zeit
165 3418 210 3470 des
223 3419 350 3485 jungeren
367 3416 473 3482 Dionys.
1229 3469 1231 3477 y

161 3491 278 3553 tyranno
299 3485 333 3548 (d.
350 3484 375 3535 h.
394 3483 451 3534 dem
468 3481 615 3549 Dionysius)
634 3498 714 3548 quom
733 3484 857 3549 tyrannis
876 3480 932 3539 tden
944 3478 1164 3546 Tyranncnbbcr-

91 3554 180 3622 haupt,
199 3554 243 3606 der
261 3553 407 3621 Tyranneit.
420 3581 454 3588 -
472 3554 502 3600 in
521 3566 549 3600 eo
569 3551 637 3600 libro
655 3565 679 3600 u.
699 3565 718 3602 s.
737 3566 770 3600 w,
798 3548 822 3600 S.
842 3548 866 3599 d.
884 3547 948 3598 Einl.

161 3627 184 3677 3.
203 3626 293 3688 potatae
309 3622 446 3684 ualuitque
464 3617 542 3669 ‘hatte
561 3633 589 3670 so
615 3618 667 3669 viel
684 3618 794 3669 Einlluss
818 3615 897 3667 durch
916 3616 969 3667 sein
989 3613 1091 3666 husehn
1111 3612 1163 3664 und

92 3689 192 3742 Gewalt
209 3689 287 3742 durch
306 3690 377 3741 seine
393 3685 602 3738 Beredsamkeit’.

158 3760 331 3825 percrebuerit.
356 3757 458 3807 Ebeuso
476 3758 499 3817 4,
519 3757 533 3804 5
553 3753 677 3803 deiecerit
687 3758 766 3816 atquc
775 3754 908 3802 interierit
914 3768 925 3813 ,·
943 3755 966 3815 5,
985 3753 1000 3802 2
1019 3751 1161 3799 introierit.

92 3827 117 3878 S.
136 3843 166 3878 zu
184 3826 248 3878 hlilt.
267 3830 291 3891 5,
310 3829 333 3877 5.
361 3824 409 3875 Der
427 3821 538 3874 lnlinitiv
556 3822 620 3872 nach
637 3820 798 3887 persuadere
816 3820 841 3870 in
860 3819 904 3870 der
922 3817 1163 3883 Bedeutung‘liber-
1245 3842 1247 3846 »
1274 3830 1277 3835 ’
