2580 4372
454 151 505 204 1111.
522 151 713 206 pausamus.
731 157 756 206 4.
774 156 798 205 5.
1123 152 1163 213 33

89 325 392 401 sunt,utPansaniam
400 325 695 406 comprehenderent,
708 347 806 406 neque
817 327 1164 408 priusvimadhibendam

91 418 280 492 putaverunt,
296 429 384 489 wem
395 406 426 472 s'e
441 412 504 491 ipse
516 411 682 472 indicasset.
704 412 806 492 ltaque
817 412 888 474 huic
902 413 1003 489 indici,
1019 416 1089 494 quid
1103 417 1164 476 lieri
1179 427 1196 476 4

91 498 210 571 vellent,
225 505 452 576 praeceperunt.
483 497 595 558 Fanum
612 497 742 576 Neptuni
758 507 802 558 est
817 498 952 574 Taenari,
968 501 1053 578 qnod⁴
1062 500 1163 562 violari

92 583 175 645 nefas
189 591 296 660 putant
311 580 423 643 Graeci.
454 583 497 643 Eo
513 582 562 643 ille
577 583 664 642 index
680 583 813 661 confugit
836 583 867 644 in
889 602 998 664 araque
1019 587 1163 653 consedit.

92 668 176 729 Hanc
191 668 270 728 iuxta
291 666 388 727 locum
411 668 547 728 iecerunt
567 666 731 742 subterra,
754 687 789 729 ex
810 687 870 747 qno
894 677 996 748 posset
1017 671 1123 747 audiri,
1140 671 1164 732 si
1271 736 1274 743 ,

91 753 161 833 quis
183 752 252 832 quid
272 752 445 831 loqueretur
468 752 676 830 cum'Argilio.
707 752 773 814 Huc
788 772 823 814 ex
845 754 964 833 ephoris
980 755 1098 832 quidam
1114 757 1164 818 de-

92 837 283 911 scenderunt.
313 836 472 898 Pausanias
494 846 527 897 ut
547 838 655 898 audivit
678 838 821 917 Argilium
844 840 1013 918 confugisse
1029 841 1059 901 in
1075 850 1195 916 aram,5

93 922 281 1004 perturbatus
304 923 383 982 venit
405 942 450 984 eo.
488 921 582 993 Quem
603 942 671 983 cum
692 923 857 1003 supplicem
879 925 926 985 dei
939 925 1050 987 videret
1071 925 1101 985 in
1117 944 1165 987 ara

93 1009 260 1082 sedentem,
281 1008 410 1086 quaerit,
428 1026 531 1068 causae
546 1008 616 1085 quid
633 1008 671 1068 sit
690 1018 748 1068 tam
763 1010 912 1088 repentini
928 1010 1053 1070 consilii.
1089 1010 1166 1071 Huic

92 1093 151 1165 ille,
169 1093 241 1173 quid
256 1111 291 1154 ex
306 1093 411 1154 litteris
422 1093 629 1172 comperisset,
645 1094 747 1172 aperit.
785 1093 872 1154 Modo
892 1095 986 1173 magis
1007 1095 1166 1156 Pausanias
1180 1104 1196 1154 6

91 1177 282 1258 perturbatus
298 1196 382 1239 orare
404 1177 511 1256 coepit,
535 1197 572 1238 ne
595 1179 762 1238 enuntiaret
786 1197 841 1239 nec
862 1199 894 1240 se
908 1180 1045 1241 meritum
1062 1182 1096 1241 de
1111 1181 1162 1240 illo

89 1264 203 1344 optime
225 1263 378 1342 proderet:
401 1264 481 1341 quod
504 1262 613 1323 sicam
636 1264 749 1324 veniam
772 1264 826 1324 sibi
850 1264 992 1340 dedisset,
1014 1266 1164 1344 tantisque

92 1348 276 1427 implicatum
290 1348 379 1409 rebus
395 1348 583 1424 sublevasset,
599 1366 707 1426 magno
724 1350 750 1408 ei
766 1349 897 1428 praemio
913 1351 1056 1411 futurum.

178 1433 231 1495 His
246 1434 335 1494 rebus
351 1433 453 1513 ephori
464 1433 592 1513 cognitis
607 1435 698 1494 satius
713 1441 855 1513 putarunt
870 1435 901 1495 in
914 1435 987 1496 urbe
1004 1455 1070 1496 eum
1083 1453 1164 1495 corn·
1180 1443 1197 1501 5

90 1519 246 1600 prehendi.
276 1518 342 1589 Quo
358 1537 425 1580 cum
441 1527 542 1579 essent
555 1519 682 1597 proiecti
698 1528 727 1580 et
741 1519 900 1580 Pausanias
915 1520 1028 1600 placato
1044 1520 1165 1599 Argilio,

91 1614 125 1666 ut
139 1604 271 1684 putabat,
283 1604 749 1678 Lacedaemonemreverteretur,
765 1604 796 1665 in
809 1604 923 1679 itinere,
937 1624 1005 1665 cum
1016 1606 1072 1667 iam
1086 1606 1117 1666 in
1130 1625 1164 1666 eo

92 1700 181 1766 esset,
197 1698 230 1750 ut
245 1689 555 1769 comprehenderetur,
572 1708 606 1748 ex
621 1689 703 1749 vnltu
720 1689 872 1750 cuiusdam
888 1690 1001 1768 ephori,
1026 1691 1076 1770 qui
1098 1709 1165 1750 eum

91 1762 243 1836 admoneri
259 1773 405 1854 cupiebat,
421 1773 542 1835 insidias
555 1773 610 1834 sibi
621 1775 685 1834 fieri
698 1773 849 1834 intellexit.
872 1774 973 1853 ltaque
984 1775 1087 1854 paucis
1098 1782 1166 1836 ante
1180 1781 1196 1832 2

92 1860 241 1938 gradibus,
258 1879 346 1939 quam
363 1860 413 1938 qui
430 1878 496 1920 eum
512 1859 723 1938 sequebantur,
739 1859 769 1919 in
792 1860 893 1920 aedem
911 1859 1073 1936 Minervae,
1091 1879 1165 1940 quae

90 1944 274 2007 Chalcioicos
290 1952 420 2016 vocatur,
433 1945 576 2024 confugit.
600 1943 677 2005 Hine
688 1963 726 2005 ne
739 1943 818 2005 exire
830 1951 940 2024 posset,
953 1947 1050 2009 statim
1062 1946 1165 2026 ephori

88 2029 184 2090 valvas
200 2029 264 2091 eius
278 2030 356 2091 aedis
368 2031 580 2090 obstruxerunt
593 2038 765 2108 tectumque
780 2039 851 2109 sunt
865 2031 1006 2108 demoliti,
1018 2050 1077 2110 quo
1089 2032 1167 2092 cele-

89 2115 154 2176 rius
173 2115 229 2175 sub
251 2116 315 2175 divo
337 2115 480 2177 interiret.
517 2116 631 2176 Dicitur
652 2133 687 2176 eo
711 2123 845 2194 tempore
865 2126 988 2177 matrem
1004 2116 1199 2178 Pausaniaet

89 2201 329 2278 vixisseeamque
339 2200 396 2260 iam
402 2219 509 2279 magno
522 2210 603 2276 natu,
615 2208 773 2280 postquam
781 2200 817 2260 de
829 2202 941 2262 scelere
952 2201 1165 2281 filiicomperit,

97 2394 100 2400 Ι
162 2337 186 2385 4.
206 2333 394 2398 qucd'viclari
411 2351 436 2385 u.
454 2351 475 2386 s.
493 2352 526 2388 w.
562 2334 726 2402 Der'lempel
744 2337 874 2403 gewahrte
890 2335 1041 2402 Flr‘ichtigen
1061 2335 1102 2385 ein
1122 2350 1166 2384 un·

92 2400 267 2453 verletzliches
286 2402 358 2469 Asyl.
378 2431 412 2440 -
429 2403 513 2464 acras.
541 2404 566 2454 S.
585 2420 616 2454 zu
635 2420 673 2470 pr.
691 2407 714 2455 4.

162 2471 238 2520 llaec
255 2473 342 2520 inccta.
363 2471 774 2538 UngewdhnlicheNacbstellung
792 2471 836 2522 der
844 2469 1013 2536 Prdposition.
1037 2467 1063 2519 S.
1074 2468 1167 2535 Zumpt

91 2539 108 2606 ξ
129 2541 188 2601 324,
205 2536 309 2603 Madvig
326 2540 342 2602 §
359 2542 418 2593 469.

161 2610 185 2659 5.
205 2620 303 2656 causac
321 2607 387 2671 quid
405 2611 467 2660 ‘was
485 2608 530 2659 der
540 2609 671 2672 Ursache',
689 2610 752 2659 ‘was
771 2608 811 2658 fiir
828 2605 1020 2659 eineUrsaehe'.

160 2677 184 2726 6.
203 2673 282 2724 Modo
299 2675 391 2740 ι611611,
410 2677 497 2741 ‘Jetzt',
515 2677 623 2728 nimlich
641 2677 678 2727 als
702 2676 747 2727 der
764 2675 873 2742 Argilier
893 2675 946 2726 ihm
970 2673 1011 2725 die
1029 2671 1168 2738 Erdiinung

90 2743 201 2794 machte.
219 2770 254 2780 —
271 2758 319 2792 nec
337 2743 387 2794 wie
406 2761 490 2810 acque
507 2745 595 2796 Them.
614 2750 639 2809 6,
657 2749 681 2796 5.

160 2825 226 2861 cam.
260 2810 306 2862 Die
324 2811 417 2862 Rdmer
434 2813 572 2863 verbinden
591 2812 629 2863 olt
646 2812 691 2864 das
709 2811 852 2863 Pronomen
870 2810 916 2861 mit
933 2810 991 2861 dem
1009 2807 1167 2867 Substantiv,

91 2894 134 2929 wo
152 2879 201 2929 wir
218 2895 246 2931 es
263 2879 297 2928 im
314 2879 438 2931 Neutrum
464 2881 592 2946 abhangig
616 2880 699 2931 davon
724 2880 771 2930 mit
794 2879 862 2930 einer
884 2877 1044 2944 Priposition
1069 2880 1164 2928 setzen.

91 2946 196 3013 Madvig
214 2950 229 3012 ξ
249 2950 306 2999 314.
334 2948 487 3000 Uebersetze
506 2955 589 3000 ‘wenn
607 2964 634 3000 er
651 2948 702 2999 ihm
712 2948 782 3000 dicse
792 2947 860 3005 Bitte
877 2946 984 2998 eriiille’.
1001 2946 1026 2998 S.
1036 2962 1067 2997 zu
1077 2944 1165 2996 Them.

95 3018 135 3080 10,
155 3017 177 3066 1.
195 3045 229 3052 —
248 3018 329 3065 tantis
347 3017 421 3083 impl.
441 3019 495 3069 rcb.
514 3017 548 3067 ‘in
567 3033 595 3069 so
614 3031 717 3083 grosser
729 3009 944 3081 Verwiclrelnng’,
962 3011 1166 3080 ι161169616ιεί6.

161 3079 188 3138 5.
211 3087 232 3134 1.
251 3085 279 3134 in
297 3101 327 3134 cc
346 3091 419 3136 creet.
455 3085 480 3137 S.
501 3100 532 3135 zu
549 3084 611 3136 Mili.
632 3089 656 3145 1,
674 3087 698 3136 3.
716 3113 750 3120 -
768 3083 908 3133 admoneri
932 3083 1015 3134 ‘einen
1032 3079 1111 3132 Wink
1128 3095 1166 3131 er-

92 3151 195 3217 halten’,
213 3151 391 3204 ‘aufmerksam
411 3153 529 3218 gemacht
546 3152 665 3204 werden'.
683 3179 717 3189 —
735 3151 848 3202 incidias
864 3152 916 3202 eibi
943 3151 1006 3213 ficri
1033 3150 1098 3202 ‘dass
1124 3147 1169 3198 aul

91 3218 136 3268 ibn
153 3219 291 3286 gcfahndet
308 3221 411 3272 werde'.

160 3290 184 3338 2.
205 3287 369 3339 Chalcioicos
386 3287 557 3357 (χαλκίοικος)
575 3289 625 3340 ‘ein
642 3286 827 3340 ehemesHaus
845 3285 1018 3339 bewolmend’.
1042 3283 1165 3335 ihrTem-

89 3354 133 3421 pel
152 3370 206 3406 war
223 3357 270 3407 mit
292 3356 438 3422 Erzplatten
460 3356 596 3408 beldeidet.
630 3356 680 3409 Der
703 3354 860 3423 griechische
882 3355 1029 3422 Diphthong
1054 3355 1082 3403 oi
1104 3352 1166 3419 geht

91 3429 164 3475 sonst
182 3424 344 3491 gewdhnlicb
363 3427 387 3476 in
406 3442 437 3476 cc
454 3426 523 3476 iiber.
544 3424 586 3476 ·S.
603 3424 667 3476 Milt.
685 3428 710 3490 4,
729 3428 751 3477 3.
771 3427 795 3488 6,
813 3427 836 3475 2.

158 3491 213 3543 Ans
235 3493 362 3556 confugit
382 3494 417 3545 ist
440 3510 471 3544 zu
496 3496 799 3558 petam-scpuctaniur
822 3491 866 3542 der
892 3489 1043 3557 allgemeinc
1070 3487 1170 3554 Begriff

87 3558 134 3610 des
152 3560 326 3612 Anhommens
344 3577 375 3612 nu
394 3561 511 3613 denken.

160 3631 184 3680 3.
205 3630 313 3679 Dicitur
331 3630 377 3679 mit
403 3629 459 3680 dem
480 3630 540 3681 Acc.
563 3645 584 3680 c.
610 3629 655 3680 lni.
680 3629 713 3680 ist
735 3625 941 3692 ungewdlmlich.
976 3623 1026 3676 Das
1055 3623 1166 3674 Verbum

90 3696 161 3747 steht
178 3697 204 3747 in
222 3697 501 3763 vellererBedeutung:
520 3699 586 3748 ‘man
604 3699 679 3762 sagi,
697 3696 767 3747 nicht
786 3694 858 3746 ί6611.
1122 3758 1127 3769 ·

133 3764 135 3769 ’
158 3781 257 3829 magno
276 3773 351 3817 ncta.
378 3766 427 3817 llas
446 3764 626 3817 Gevvdhnliche
643 3765 676 3816 ist
692 3763 807 3830 grandis
827 3761 906 3825 (nicht
923 3765 1056 3825 magnus),
1071 3774 1167 3820 maior,
1187 3764 1189 3767 ’

91 3837 226 3883 mamimus
244 3840 318 3884 natu.

144 3919 261 3964 cornutus
274 3921 355 3970 Nepos.
384 3920 402 3961 6.
417 3917 475 3958 Anfl.
997 3915 1011 3964 3
