2580 4372
432 184 519 237 xxlu.
536 185 710 241 HANNIBAL.
728 191 752 239 7.
1070 184 1129 245 143

56 354 95 416 oh
110 375 234 436 eamque
249 376 313 419 rem
327 376 437 419 corona
451 376 539 419 aurea
554 377 605 420 eos
619 360 766 421 donarent
779 359 926 438 simulque
941 368 1085 440 peterent,
1097 369 1131 422 ut

56 443 173 505 obsides
196 462 300 504 eorum
314 444 456 525 Fregellis
479 452 578 505 essent
600 445 765 524 captivique
786 445 990 507 redderentur.
1026 445 1079 506 His
1095 456 1159 507 ext
1263 490 1266 503 .

56 536 178 590 senatus
194 529 331 590 consulto
346 548 524 610 responsum
546 537 605 591 est:
627 549 738 592 munus
759 549 864 592 eorum
886 538 1001 610 gratum
1023 549 1128 611 accep-

55 621 180 693 tumque
196 632 276 689 esse;
293 615 420 690 obsides,
437 633 496 695 quo
511 615 577 675 loco
592 624 742 695 rogarent,
759 618 891 691 luturos;
915 617 1044 696 captivos
1066 636 1128 678 non

27 742 31 749 -
54 699 251 775 remissuros,
274 701 354 779 quod
374 700 585 777 Hannibalern,
608 701 693 762 cuius
715 720 805 782 opera
825 709 998 784 susceptum
1017 701 1129 762 bellum

54 785 143 859 foret,
159 784 395 851 inimicissimum
417 786 530 847 nomini
551 785 700 862 Romano,
723 787 893 848 etiamnunc
914 806 982 849 cum
1004 786 1129 865 imperio

55 870 136 949 apud
153 871 313 932 exercitum
327 870 472 933 haherent
491 871 621 950 itemque
643 873 764 934 fratrem
786 872 850 934 eius
870 873 1034 951 Magonem.
1064 870 1158 933 Hocd

54 973 202 1034 responso
219 956 475 1035 Carthaginienses
490 957 609 1036 cognito
626 957 819 1019 Hannibalem
841 958 962 1019 domum
984 965 1013 1019 et
1026 957 1127 1035 Mago·

54 1058 126 1100 nem
137 1050 321 1104 revocarunt.
337 1041 404 1103 Huc
414 1049 448 1102 ut
459 1042 556 1118 rediit,
568 1060 620 1104 rex
628 1043 724 1104 iactus
736 1052 790 1119 est,
801 1050 958 1123 postquam
969 1043 1130 1122 imperator

53 1126 161 1200 suerat,
177 1145 255 1187 anno
271 1128 404 1189 secundo
420 1135 449 1187 et
462 1127 610 1189 vicesimo.
640 1129 679 1190 Ut
695 1129 774 1189 enim
789 1128 899 1190 Romae
921 1128 1071 1200 consules
1087 1126 1129 1187 sic

56 1210 233 1289 Carthagine
255 1213 415 1290 quotannis
437 1213 529 1274 annui
552 1212 615 1273 bini
636 1232 722 1293 roges
738 1214 922 1275 creabantur.
953 1212 987 1275 ln
1010 1232 1045 1273 eo
1066 1220 1158 1273 ιιι-5

55 1296 182 1375 gistratu
196 1297 259 1376 pari
275 1296 428 1376 diligentia
443 1316 476 1358 se
491 1297 638 1359 Hannibal
654 1299 800 1379 praebuit,
821 1317 855 1361 ao
870 1301 966 1360 luerat
987 1300 1018 1359 in
1040 1297 1128 1358 hello.

54 1381 189 1460 Namque
205 1381 311 1459 ellecit,
328 1401 364 1443 ex
378 1382 462 1442 novis
473 1383 664 1462 vectigalibus
674 1404 736 1445 non
751 1383 848 1445 solum
863 1393 896 1446 ut
905 1383 1129 1462 esset-pecunia,

55 1484 132 1546 quae
146 1465 287 1528 Romanis
303 1486 339 1528 ex
352 1468 472 1529 loedere
487 1468 676 1548 penderetur,
692 1469 743 1531 sed
759 1469 845 1530 etiam
860 1475 1039 1549 superesset
1055 1485 1130 1546 quae

54 1551 88 1612 in
104 1552 215 1613 aerario
230 1561 437 1631 reponeretur.
467 1553 580 1614 Deinde
595 1553 634 1614 M.
661 1554 780 1616 Claudio
795 1554 829 1615 L.
845 1555 935 1616 Furio
958 1552 1131 1614 consulibus
1144 1559 1160 1610 6

55 1636 151 1698 Roma
165 1636 254 1716 legati
270 1638 474 1716 Carthaginem
489 1650 645 1701 venerunt.
676 1640 738 1701 Hos
752 1638 898 1701 Hannibal
914 1647 995 1700 ratus
1017 1638 1063 1698 sui
1079 1655 1129 1697 ex·

54 1721 202 1801 poscendi
222 1723 314 1801 gratia
334 1723 457 1799 missos,
480 1725 654 1805 priusquam
675 1725 711 1786 iis
734 1732 853 1785 senatus
875 1726 1009 1798 daretur,
1026 1740 1130 1783 navem

55 1807 191 1869 ascendit
211 1807 287 1869 clam
307 1816 395 1888 atque
418 1808 449 1870 in
465 1809 580 1889 Syriam
595 1809 630 1870 ad
646 1810 826 1871 Antiochum
841 1810 982 1890 profugit.
1013 1807 1074 1869 Hac
1096 1819 1159 1869 ret

126 1946 150 1996 3.
174 1946 311 2007 occeptum
329 1941 528 1994 ‘willlrornmen’.
546 1972 578 1982 -
598 1944 701 1994 obsideo
718 1947 759 2006 (eo
776 1945 844 2007 loco)
860 1942 976 2007 futuros,
995 1959 1046 2008 quo
1073 1943 1130 1994 loco

55 2013 96 2074 (ut
113 2014 208 2073 essent)
227 2015 365 2075 rogarent.
400 2010 455 2061 Wir
473 2012 514 2061 ‘an
532 2010 590 2061 dem
606 2010 661 2074 Ort,
678 2028 720 2063 um
737 2011 852 2063 walchen
871 2012 909 2063 sie
925 2011 1020 2063 biten'.

125 2083 291 2129 rerniseuroe.
327 2078 360 2129 Es
383 2078 417 2129 ist
444 2077 489 2130 der
514 2077 763 2144 Suhjectsaccusativ
789 2097 817 2130 se
842 2079 1020 2146 ausgelassen,
1046 2078 1130 2131 indem

55 2162 212 2213 responsum
231 2152 269 2196 eet
285 2161 315 2197 so
332 2146 384 2197 viel
402 2147 440 2198 als
456 2146 571 2198 Romani
587 2148 785 2212 responderunt
800 2149 842 2200 ist.
859 2176 894 2186 -
912 2164 993 2214 opero
1011 2147 1061 2199 wie
1075 2146 1130 2198 Alc.

56 2219 81 2278 6,
100 2219 127 2267 4.
144 2243 178 2252 -
194 2213 267 2274 foret
283 2214 333 2265 wie
350 2213 409 2281 Lys.
430 2217 454 2277 3,
473 2219 496 2267 5.
588 2242 597 2251 =
923 2253 926 2257 >

127 2287 151 2335 4.
168 2283 354 2333 Hannibalem
373 2283 478 2333 domum
504 2289 530 2332 et
547 2282 698 2347 Magonem.
732 2283 815 2335 Uehcr
837 2282 878 2333 die
897 2281 1082 2347 Wortstcllung
1099 2297 1143 2337 zu,

55 2351 145 2471 {hege
173 2353 197 2414 2,
224 2352 247 2403 8.
274 2381 307 2390 -
334 2367 392 2414 ree,
415 2351 460 2402 das
486 2350 594 2404 hdchste
616 2350 677 2403 Amt
701 2351 745 2402 der
769 2351 920 2416 Carthager,
947 2348 1033 2414 Sufet,
1057 2349 1081 2401 d.
1105 2348 1131 2401 h.

54 2422 62 2448 ‘
87 2419 111 2470 ic
130 2421 186 2472 ter'.

123 2493 267 2554 postquam
284 2489 432 2552 imperator
449 2487 542 2548 fuerat
559 2503 583 2540 u.
602 2503 622 2539 s.
640 2503 673 2540 w.
710 2486 808 2538 Constr.
827 2501 898 2536 anno
916 2483 1031 2536 secundo
1050 2489 1077 2535 et
1092 2487 1131 2533 ei-

57 2559 169 2621 ceeimo,
194 2560 336 2621 postquam
362 2557 519 2620 imperator,
538 2555 638 2615 fuerat.
673 2554 891 2622 Appositioneller
908 2554 999 2604 Zusatz
1027 2567 1058 2603 nu
1081 2568 1131 2601 reae

54 2624 146 2686 factus
164 2628 210 2689 est,
223 2622 336 2674 welcher
352 2622 418 2673 nach
435 2623 492 2674 dem
510 2623 772 2689 adgemeinerenHuc
789 2628 821 2673 ut
834 2623 916 2672 rediit
939 2620 985 2672 das
1003 2619 1133 2672 Genauere

54 2689 199 2758 hinzufirgt.
234 2690 318 2742 Ueher
335 2690 381 2742 das
398 2690 575 2758 Plusquampl.
594 2708 625 2743 zu
642 2692 685 2743 Ar.
704 2695 728 2752 1,
745 2695 770 2743 5.
798 2690 881 2742 Ueber
898 2688 1131 2761 seineEmennung

54 2776 115 2815 zum
133 2758 269 2811 Fcldherm
288 2761 333 2810 221
355 2775 381 2811 v.
400 2758 444 2812 Ch.
481 2776 503 2810 c.
523 2762 546 2821 3,
567 2762 589 2812 l.
1061 2782 1062 2786 ¹
1222 2763 1225 2768 ’

127 2831 151 2881 5.
171 2843 205 2877 ee
222 2829 298 2877 novis
315 2828 490 2892 vectigalibus
507 2828 541 2878 ‘in
559 2828 638 2894 Folge
660 2842 739 2880 neuer
756 2824 897 2892 huflagen'.
933 2827 1029 2877 Constr.
1049 2829 1081 2874 ut
1097 2840 1131 2875 ece

54 2900 135 2949 novio
152 2895 327 2960 vectigalibus
345 2910 370 2945 u.
388 2911 409 2948 s.
427 2910 461 2946 w,
500 2894 534 2947 Ut
550 2896 626 2947 sollte
644 2895 781 2963 eigentlich
807 2910 855 2946 vor
871 2910 926 2945 non
944 2894 1029 2944 solum
1047 2891 1132 2957 stehn,

52 2966 89 3086 qa
108 2979 136 3016 es
154 2963 219 3015 auch
238 2978 270 3015 zu
288 2961 345 3013 dem
363 2964 409 3015 mit
426 2964 474 3014 sed
490 2966 571 3014 etiam
589 2962 765 3030 heginnenden
784 2962 872 3015 Gliede
889 2961 986 3028 gehdrt.
1022 2959 1081 3028 Vgl.
1099 2975 1131 3011 zu

45 3040 51 3051 ¹
77 3034 111 3085 lc.
130 3035 154 3097 7,
173 3035 197 3084 2.

125 3099 220 3162 foedos
243 3099 325 3153 heisst
348 3099 393 3152 der
415 3098 653 3165 Friedensvertrag,
677 3099 737 3151 weil
759 3113 786 3150 er
809 3096 926 3163 zugleioh
944 3096 984 3147 ein
1002 3094 1130 3146 Bhndniss

54 3170 97 3222 liu
123 3167 165 3220 die
183 3168 296 3220 Zulrunft
322 3168 436 3220 enthielt.
471 3167 516 3218 Ee·
545 3168 671 3234 ‘gemiss’.
706 3167 752 3219 Die
774 3165 942 3230 (lonjunctive
966 3163 1129 3230 panderetur

53 3237 110 3290 und
126 3243 302 3302 reponeretur
319 3236 432 3288 dniolren
450 3234 498 3287 den
516 3235 609 3288 Zweok
628 3251 674 3288 aus
692 3237 761 3300 (‘um’
779 3263 813 3274 -
830 3236 871 3285 ‘zu
888 3231 1019 3295 werden’).

125 3311 280 3371 superesset.
307 3305 363 3356 Wir
379 3308 482 3356 missen
501 3304 629 3356 ‘welches’
648 3303 814 3356 hinzusetzen
833 3301 894 3354 oder
912 3300 1062 3352 ubersetzen
1080 3297 1130 3349 ‘ein

53 3371 231 3426 Ueherschuss
247 3373 396 3426 verbanden
413 3375 484 3425 war.

53 3508 96 3561 Th
126 3444 150 3494 6.
181 3444 230 3495 196
256 3459 282 3495 ι.
306 3442 350 3495 (lh.
376 3470 411 3480 -
436 3446 520 3491 ratus.
556 3440 581 3492 S.
608 3456 639 3491 zu
665 3441 718 3492 Att.
745 3442 770 3506 4,
799 3443 822 3492 3.
851 3465 885 3476 -
912 3451 1054 3502 exposcere
1080 3434 1131 3486 wie

97 3523 146 3562 em.
165 3511 189 3574 8,
208 3514 233 3563 5.

55 3575 792 3711 ...stadt“tlttlltdtdtttldtli‚²¹¹3
806 3571 1130 3693 liuddadatltr

51 3713 183 3780 Anliegen
199 3713 352 3780 vorhringen
369 3711 490 3765 hdnnten.
518 3712 670 3765 Uebersetne
687 3709 781 3762 ‘Senot'
799 3709 861 3761 oder
879 3707 1001 3760 ‘Audiens
1018 3705 1132 3758 vordcm

52 3781 136 3835 Sonat
153 3781 293 3834 ertheilen‘.
306 3811 341 3819 -
357 3797 452 3834 navem
470 3778 597 3834 aseendit.
624 3779 650 3833 S.
668 3795 700 3830 zu
718 3777 804 3831 Them.
824 3779 848 3843 8,
866 3780 891 3830 6.
908 3805 943 3816 -
960 3776 1131 3836 Antiochum,

51 3865 109 3903 von
129 3848 187 3902 dem
205 3866 237 3902 zu
254 3866 274 3902 c.
294 3852 318 3916 2,
338 3854 360 3901 1.
