2580 4372
116 194 161 256 86⁴
508 196 580 249 Xllll.
597 198 760 252 DATAMES.
779 201 803 251 9.

53 400 55 404 v
117 371 249 452 peditum
266 377 384 431 centum
399 369 488 445 milia,
506 389 581 449 quos
596 370 638 430 illi
653 371 789 432 cardaoas
810 372 977 451 appellant,
999 372 1194 452 eiusdemque

87 444 95 463 ’
118 457 235 535 generis
259 473 290 515 111
303 455 391 516 milia.
410 455 611 529 funditorum3
636 463 788 535 praeterea
804 456 1010 536 Cappadocum
1030 476 1081 518 nn
1102 457 1193 534 milia,

117 539 327 603 Armeniorum
341 560 359 600 x
374 539 464 615 milia,
486 539 709 621 Paphlagonum
730 562 748 601 v
769 541 865 617 milia,
888 541 1040 622 Phrygum
1061 562 1081 603 x
1101 543 1192 617 milia,

116 626 266 706 Lydorum
287 645 305 684 v
324 625 420 701 milia,
444 626 662 704 Aspendiorum
684 634 713 687 et
732 625 899 688 Pisidarum
922 627 1041 688 circiter
1055 646 1088 688 m
1101 627 1191 703 milia,

118 710 241 773 Cilicum
262 730 299 786 11,
323 709 533 791 Captianorum
559 712 696 787 totidem,
719 730 752 773 ex
769 712 890 773 Graecia
911 714 1129 774 conductorum
1152 733 1193 787 ru,

86 797 187 859 alevis
202 804 366 857 armaturae
381 797 541 857 maximum
555 815 724 859 numerum.
758 796 817 858 llas
838 798 977 858 adversus
1000 799 1101 877 copias
1124 817 1194 879 spes

117 882 213 943 omnis
229 881 407 944 consistebat
421 881 534 942 Datami
557 883 588 942 in
612 902 644 943 se
664 882 783 961 locique
806 890 925 945 natura:
951 901 1080 962 namque
1102 883 1194 945 huius

115 975 230 1047 partem
245 985 306 1026 non
321 967 447 1028 hahebat
460 967 628 1028 vicesimam
643 962 778 1028 militum.
809 967 923 1038 Quibus
945 969 1039 1029 fretus
1061 969 1195 1029 condixit

117 1051 410 1130 adversariorumque
425 1052 515 1112 multa
538 1052 618 1113 milia
634 1053 779 1128 concidit,
802 1071 869 1113 cum
893 1053 929 1113 de
951 1054 1046 1132 ipsius
1062 1053 1194 1114 exercitu

116 1156 178 1199 non
194 1137 321 1216 amplius
334 1138 491 1199 hominum
505 1137 585 1199 mille
601 1138 768 1212 cecidissem
785 1157 873 1217 quam
889 1138 927 1199 ob
943 1157 1061 1200 causam
1072 1146 1193 1219 postero

85 1227 102 1278 4
116 1222 164 1284 die
177 1229 332 1301 tropaeum
348 1223 458 1302 posuit,
481 1243 540 1302 quo
555 1223 622 1284 loco
633 1223 730 1304 pridie
744 1230 910 1302 pugnatum
933 1231 1004 1284 erat.
1034 1223 1113 1284 Hinc
1125 1243 1193 1285 cum

117 1316 212 1368 castra
236 1307 377 1368 movisset
402 1326 579 1388 semperque
609 1307 733 1369 inferior
764 1309 859 1387 copiis
884 1309 1022 1387 superior
1054 1309 1193 1370 omnibus

116 1391 239 1472 proeliis
255 1392 427 1464 discederet,
444 1393 524 1471 quod
540 1411 702 1472 numquam
716 1411 838 1453 manum
854 1401 1035 1469 consereret,
1050 1393 1109 1455 nisi
1125 1413 1192 1456 cum

116 1477 298 1538 adversarios
313 1477 446 1539 locorum
462 1479 607 1555 angustiis
623 1478 792 1554 clausisset,
815 1478 894 1558 qnod
917 1480 1013 1558 perito
1035 1479 1193 1557 regionum

86 1566 101 1616 5
116 1561 279 1641 callideque
294 1562 434 1642 cogitanti
449 1582 536 1643 saepe
551 1563 709 1637 accidebat,
724 1564 968 1642 Autophradaten
992 1582 1059 1624 curn
1080 1563 1194 1625 bellum

118 1647 187 1714 duci
201 1648 313 1708 maiore
328 1650 406 1726 regis
422 1649 583 1710 calamitate
598 1668 686 1728 quam
702 1648 936 1709 adversariorum
950 1648 1071 1723 videret,
1088 1667 1193 1728 pacem

87 1736 102 1786 6
116 1733 333 1812 amicitiamque
347 1735 480 1795 hortatus
495 1741 549 1810 est,
564 1742 599 1796 ut
614 1753 682 1796 cum
694 1752 763 1813 rege
779 1735 810 1794 in
823 1734 943 1811 gratiam
956 1734 1074 1795 rediret.
1099 1734 1194 1804 Quam

116 1818 165 1880 ille
182 1818 235 1879 etsi
249 1818 335 1879 fidam
352 1838 413 1879 non
428 1820 492 1879 fore
506 1819 636 1898 putabat,
648 1828 746 1880 tamen
758 1818 964 1880 condicionem
976 1819 1091 1897 accepit
1102 1837 1194 1900 seque

116 1903 152 1963 ad
168 1904 356 1964 Artaxerxem
371 1904 483 1983 legatos
498 1905 658 1965 missurum
674 1904 754 1965 dixit.
785 1904 835 1965 Sic
849 1904 970 1978 bellum,
987 1904 1068 1983 quod
1078 1921 1132 1966 rex
1142 1904 1194 1966 ad·

116 2006 219 2050 versus
250 1988 389 2049 Datamen
412 1997 600 2068 susceperat,
631 1990 765 2050 sedatum
798 1998 851 2049 est.
902 1988 1139 2068 Autophrodates
1162 1989 1193 2051 in

117 2072 272 2152 Phrygiam
288 2092 320 2135 se
334 2074 456 2152 recepit.
1110 2115 1114 2124 ·

86 2153 106 2214 9
202 2159 239 2217 At
264 2176 315 2218 rex
337 2159 417 2237 quod
443 2158 627 2237 implacabile
657 2159 757 2220 odium
788 2158 818 2218 in
842 2158 981 2220 Datamen
1011 2166 1193 2238 susceperat,

116 2252 273 2322 postquam
295 2242 373 2303 bello
397 2262 464 2305 eum
486 2244 615 2323 opprimi
637 2264 697 2304 non
718 2262 808 2322 posse
834 2243 1052 2318 animadvertit,
1075 2243 1194 2305 insidiis

116 2375 231 2429 scharen.
273 2375 309 2426 lm
327 2376 473 2444 Folgenden
501 2377 605 2430 werden
629 2391 717 2430 ausser
735 2376 793 2429 den·
810 2377 984 2444 griechischen
1002 2376 1129 2430 Sdldnern
1152 2379 1194 2430 die

35 2506 39 2511 Ι
116 2444 245 2497 Barbaren
263 2445 416 2512 aulgeziihlt,
438 2446 537 2498 welche
551 2444 743 2511 Abtheilungen
767 2446 832 2497 nach
858 2445 907 2496 den
934 2445 1047 2496 lelreru
1071 2445 1194 2498 hildeten.

117 2513 164 2564 Illi
188 2514 303 2565 verstebt
326 2529 385 2567 man
409 2529 454 2566 aus
481 2515 538 2566 dem
563 2514 785 2581 Zusammenbang
801 2530 853 2565 von
871 2514 920 2565 den
939 2513 1053 2566 Persem.
1072 2543 1106 2552 -
1124 2519 1195 2565 eius·

119 2581 229 2648 demque
245 2585 361 2648 generis,
379 2583 456 2634 nant.
476 2583 631 2633 carducum.

186 2649 231 2701 Die
250 2649 376 2716 Captiant
392 2651 450 2702 sind
472 2650 634 2715 unbekannt,
660 2649 791 2700 vielleicbt
814 2648 995 2701 verschrieben
1016 2649 1057 2700 fur
1086 2649 1195 2702 Carmo-

118 2733 234 2769 naornm.

187 2789 211 2838 3.
240 2787 400 2835 consistebat
416 2784 515 2845 ‘ruhte',
533 2784 666 2850 ‘grdndete
683 2784 756 2836 sicb’.
773 2814 808 2822 —
825 2789 854 2835 ira
872 2784 1121 2837 sewiedesePaus.
1133 2788 1194 2850 4,1.

187 2868 303 2918 namque
320 2868 344 2902 u.
363 2867 383 2904 s.
402 2869 436 2904 w.
464 2852 561 2904 Constr.
580 2868 695 2917 namque
712 2868 767 2903 non
786 2855 902 2904 habebat
918 2855 1070 2903 vicesimam
1087 2860 1195 2919 portem

119 2921 236 2972 militam
254 2923 333 2971 tuias
351 2920 578 2987 (Autophradatis).

189 2989 290 3053 Quibus
307 2989 384 3041 ndml.
408 3007 435 3040 se
459 2990 562 3055 locique
586 2995 695 3039 natura
731 2987 756 3040 S.
782 3004 813 3040 zu
836 2988 899 3040 hlilt.
919 2993 942 3053 5,
961 2992 985 3041 4.
1003 3017 1038 3026 —
1056 2990 1197 3041 hominum

120 3058 200 3109 mille.
236 3058 261 3110 S.
280 3073 312 3108 zu
328 3057 392 3109 Milt.
411 3062 435 3122 5,
457 3062 477 3111 l.

187 3131 211 3179 4.
231 3133 379 3177 consereret
395 3127 446 3178 wie
465 3126 543 3176 uellet
560 3124 648 3177 Them.
667 3127 692 3188 4,
710 3127 733 3176 3.
752 3153 783 3162 —
804 3125 924 3176 locorum
943 3123 996 3176 ‘des
1016 3123 1197 3178 Teutalus.—

120 3195 217 3246 oalb'de
234 3197 357 3258 cogitans
374 3197 415 3245 ‘au
433 3194 555 3245 schlauen
571 3193 696 3245 Einfdllen
714 3192 800 3244 reich’.

188 3262 383 3314 oeciderewird
401 3262 465 3312 auch
484 3265 556 3312 sonst
574 3262 640 3314 dlter
657 3277 708 3311 von
727 3260 1196 3327 gunstigenEreignissengebraucht

188 3336 212 3382 5.
231 3331 327 3382 bellant
346 3331 416 3395 draci,
434 3329 484 3381 wie
501 3330 598 3392 immet,
616 3330 649 3380 ‘in
668 3329 709 3381 die
725 3329 811 3394 Linge
829 3343 942 3394 gezogen
961 3329 1063 3381 werde',

186 3398 436 3465 pacem-rediret.
473 3398 506 3448 Er
534 3397 663 3449 ormahnte
685 3413 715 3447 zu
740 3396 848 3448 Frieden
866 3397 918 3447 und
936 3397 1120 3448 Preundschaft
1138 3399 1198 3464 (mit

121 3466 190 3529 sich,
217 3467 275 3518 dem
301 3466 533 3532 Autophradates),
561 3465 640 3516 demit
666 3465 720 3516 sich
747 3465 865 3515 Datames
892 3465 983 3530 (daun,
1009 3465 1132 3517 wahrend
1152 3467 1199 3520 der

119 3534 294 3599 Wallenruhe)
312 3536 358 3585 mit
375 3534 432 3585 dem
450 3534 533 3600 lldnig
550 3534 685 3585 aussdhne.
708 3535 821 3583 Hortari
838 3533 883 3583 mit
901 3532 959 3584 dem
976 3532 1198 3589 Accusativeines

120 3602 283 3654 Substantirs
302 3603 346 3652 aul
362 3603 402 3654 die
420 3604 499 3670 Frage
518 3603 609 3654 wozu‘l
632 3602 667 3653 ist
692 3601 785 3661 selten;
808 3600 971 3667 gewdbnlicb
996 3617 1043 3651 nur
1066 3602 1113 3652 mit
1137 3603 1197 3655 dem

120 3670 244 3722 Neutrum
262 3671 332 3722 eines
349 3671 514 3723 Pronomens.
550 3670 654 3736 Madvig
672 3671 687 3733 ξ
707 3671 755 3720 228
775 3684 796 3720 c.

189 3742 212 3792 6.
243 3738 341 3802 Qraom,
368 3741 483 3807 gratiam.
508 3768 538 3779 -·
563 3738 647 3806 fidam
673 3736 810 3801 ‘ehrlich',
837 3736 1018 3803 ‘zuu·erlassig'.
1048 3766 1077 3773 --
1100 3739 1199 3792 sedare

118 3807 193 3858 ‘heile
213 3809 261 3858 en'.

189 3822 217 3931 ὅ.
238 3879 259 3928 1.
278 3875 383 3927 insidiis
401 3876 453 3928 und
473 3876 600 3928 insidiari
617 3877 642 3939 (ξ
661 3875 687 3939 2)
705 3872 769 3925 nach
788 3872 852 3925 Dion
870 3877 895 3938 8,
913 3878 937 3926 4.
