2580 4372
159 168 218 230 170
543 170 620 224 XXV.
638 170 787 224 Arctous,
809 174 848 224 14.

125 358 139 407 5
155 345 250 424 pretio
265 361 369 424 parare
380 362 442 403 non
458 343 614 404 mediocris
630 351 674 403 est
688 343 858 404 industriae.
881 343 1025 421 Elegans,
1042 362 1104 405 non
1120 347 1233 424 magni-

154 433 243 504 llcus3
267 428 456 508 splendidus,
472 447 533 488 non
549 436 757 507 sumptuosus:
777 428 933 507 omnisque
948 428 1100 506 diligentia
1115 433 1233 493 mundi-

154 517 235 589 tiam,
253 533 313 575 non
326 514 503 575 affluentiam
519 513 678 574 affectabat.
704 513 844 592 Supellex
858 513 989 588 modica,
1006 534 1068 575 non
1083 518 1189 592 multa,
1204 527 1233 577 ut

124 612 140 663 1
155 602 186 661 in
199 609 333 660 neutram
344 607 458 678 partem
470 599 603 677 conspici
616 606 725 678 posset.
753 599 857 677 Neque
868 600 926 658 hoe
935 600 1114 678 praeteribo,
1132 620 1232 680 quam-

156 704 244 764 quam
275 685 428 746 nonnullis
450 685 512 744 leve
533 685 628 744 visum
650 684 687 744 iri
709 694 826 763 putem:
858 703 926 746 curn
946 684 978 745 in
1000 685 1107 764 primis
1139 687 1233 749 lautus

156 778 233 831 esset
261 789 352 847 eques
367 770 518 830 Romanus
542 777 571 830 et
592 787 653 829 non
683 788 789 847 parum
810 768 969 830 liberaliter
997 771 1123 832 domum
1154 791 1233 833 suam

155 856 288 916 omnium
312 855 450 915 ordinum
472 855 608 914 homines
623 855 774 928 invitaret,
799 855 909 915 seimus
925 873 986 915 non
1002 856 1133 935 amplius
1149 876 1234 937 quarn

155 952 239 1002 terna
269 940 348 1000 milia
369 959 517 1018 peraeque
540 940 570 999 in
594 940 728 1018 singulos
756 958 874 1000 menses
897 958 932 1000 ex
955 941 1148 1018 ephemeride
1171 961 1234 1003 eum

125 1040 138 1087 r
156 1044 320 1104 expensum
343 1026 474 1104 sumptui
499 1026 576 1085 serre
593 1026 721 1086 solitum.
757 1026 851 1103 Atque
866 1025 925 1085 hoe
939 1044 1001 1085 uon
1017 1028 1171 1104 auditum,
1187 1028 1234 1089 sed

157 1111 308 1188 cognitum
330 1111 552 1190 praedicamus:
576 1128 664 1189 saepe
685 1110 763 1170 enim
786 1118 923 1189 propter'
932 1111 1164 1189 familiaritatem
1184 1114 1232 1173 do-

108 1201 146 1260 14
156 1196 284 1257 mesticis
300 1195 389 1256 rebus
405 1196 604 1256 interfuimus.
628 1196 721 1255 Nemo
737 1196 767 1254 in
784 1195 915 1255 convivio
932 1195 995 1256 eius
1010 1197 1091 1257 aliud
1102 1215 1234 1259 acroama

156 1282 265 1341 audivit
287 1299 374 1359 qnam
396 1288 599 1359 anagnosten3
625 1280 705 1359 quod
720 1299 774 1340 nos
789 1280 908 1358 quidem
922 1281 1176 1344 iucundissimum
1191 1300 1233 1344 ar-

155 1366 314 1426 bitramur:
339 1384 437 1443 neque
459 1384 590 1443 unquam
612 1365 677 1426 sine
697 1365 795 1443 aliqua
817 1365 944 1426 lectione
967 1366 1047 1444 apud
1063 1387 1135 1428 eum
1152 1387 1234 1429 cena·

155 1461 217 1511 tum
232 1460 290 1524 est,
314 1458 422 1510 utnon
445 1451 544 1511 minus
563 1451 661 1510 animo
677 1468 764 1528 quam
779 1460 881 1511 ventre
897 1450 1036 1512 convivae
1051 1453 1233 1515 delectaren-

125 1546 213 1600 2tur.
256 1535 389 1613 Namque
411 1554 462 1595 eos
483 1536 618 1609 vocabat,
642 1553 770 1614 quorum
791 1554 889 1596 mores
905 1555 921 1595 a
936 1538 998 1596 suis
1013 1555 1078 1598 non
1093 1538 1234 1599 abhorre·

156 1631 231 1682 rent.
255 1622 327 1681 Cum
343 1628 422 1681 tanta
437 1621 582 1700 pecuniae
598 1621 673 1681 lacta
689 1631 767 1681 esset
781 1621 926 1695 accessio,
944 1621 1018 1682 nihil
1034 1621 1072 1682 de
1088 1623 1234 1685 cotidiano

156 1707 238 1767 cultu
254 1707 389 1781 mutavit,
406 1706 481 1767 nihil
496 1708 532 1766 de
546 1707 622 1766 vitae
638 1705 855 1766 consuetudine
866 1713 1005 1784 tantaque
1020 1724 1097 1768 usus
1112 1716 1161 1769 est
1174 1726 1235 1769 rno-

157 1791 321 1866 deratione,
346 1801 380 1851 ut
396 1811 491 1870 neque
506 1792 537 1852 in
553 1791 687 1851 sestertio
710 1791 816 1866 vicies,
840 1791 919 1869 quod
940 1809 956 1850 a
971 1800 1055 1869 patre
1071 1804 1236 1873 acceperat,

224 2025 325 2074 perere
350 2008 485 2075 allgemeiu
513 2007 578 2058 ohne
602 2007 706 2072 Ohject,
733 2009 783 2060 wie
808 2008 889 2060 Hann.
914 2011 937 2073 9,
962 2011 986 2060 4.
1021 2005 1180 2061 Uebersetze
1197 2012 1236 2060 ‘zu

156 2078 304 2195 lqrwerllpen',
331 2092 407 2127 wozu
434 2075 499 2126 auch
525 2076 560 2126 im
577 2075 722 2128 Deutschen
749 2076 809 2128 hein
836 2076 926 2141 ObJ'ect
955 2076 1045 2143 gelrigt
1074 2093 1107 2128 zu
1134 2077 1237 2130 werden

173 2159 233 2194 rauc
253 2151 270 2195 t.

225 2215 249 2264 5.
268 2211 314 2264 Bel
332 2210 450 2275 Elegeam
464 2240 489 2247 -
500 2216 670 2276 sumptuosus
689 2211 742 2262 und
760 2211 1020 2278 Supellear-multa
1043 2211 1080 2263 ist
1098 2219 1162 2264 erat
1178 2228 1236 2265 aus·

158 2280 283 2347 gelassen.
324 2278 351 2332 S.
378 2296 409 2330 nn
436 2279 524 2330 Them.
552 2284 576 2344 5,
602 2282 626 2332 3.
671 2278 1007 2346 Elegene-rramptaosus
1035 2280 1177 2333 libersetze
1203 2287 1237 2334 ‘er

157 2349 247 2416 zeigte'
267 2349 314 2399 mit
331 2346 381 2399 den
400 2347 616 2415 entspreehenden
637 2349 833 2408 substantivem
860 2354 1032 2414 eernpteoaus
1056 2348 1237 2401 ‘Verschwen-

156 2417 242 2484 dung'.
260 2447 294 2454 —
310 2416 445 2467 munditia
462 2415 638 2468 ‘Sauberlteit'.

224 2489 253 2535 in
272 2491 395 2535 neutram
412 2490 517 2550 partem
535 2484 608 2536 ‘nach
626 2482 714 2534 keiner
730 2498 782 2534 ven
799 2483 890 2534 beiden
909 2481 995 2535 Seiten
1011 2481 1074 2546 hin’,
1093 2483 1184 2536 weder
1201 2484 1237 2535 als

156 2568 188 2604 au
205 2553 257 2604 viel
275 2553 341 2604 noch
360 2553 397 2604 als
416 2569 447 2603 zu
465 2552 557 2618 wenig.
595 2552 679 2604 Uebcr
697 2555 823 2616 correptet,
842 2550 988 2614 ‘auilallen',
1006 2566 1038 2601 zu
1055 2550 1114 2604 oar.
1129 2554 1156 2617 3,
1171 2556 1200 2609 ,3.

226 2623 248 2673 6.
269 2627 576 2686 quamquem—putem.
613 2617 640 2670 S.
659 2636 690 2671 zu
716 2618 780 2671 Milt.
806 2623 830 2685 2,
857 2623 880 2672 3.
904 2649 936 2656 -
961 2619 1051 2670 raeces
1076 2622 1142 2670 ‘von
1166 2624 1237 2673 stett-

155 2689 247 2740 lichem
265 2689 365 2740 Leben'.
1087 2703 1088 2707 ¹

226 2763 302 2807 terrra
320 2757 404 2821 mitia,
422 2756 499 2807 nami.
516 2759 675 2819 sertertium,
694 2769 757 2817 was,
775 2753 807 2803 da
830 2769 857 2805 es
875 2754 972 2821 damals
996 2748 1036 2805 die
1055 2754 1238 2820 gewohnliche

157 2824 403 2889 Rechnungsmhnze
431 2838 497 2887 war,
525 2823 590 2873 o'fter
615 2822 779 2888 ausgelassen
803 2821 875 2873 wird.
910 2821 937 2874 S.
965 2838 996 2873 zu
1017 2838 1039 2873 c.
1059 2825 1085 2888 4,
1104 2826 1129 2875 4.
1149 2853 1186 2862 -
1204 2839 1236 2873 ce

157 2892 324 2958 ephemeride
341 2892 382 2941 ‘zu
400 2889 495 2958 Folge',
512 2891 575 2941 ‘lant
593 2890 689 2941 seinem
708 2889 863 2955 Tagehueh'.
1087 2892 1091 2896 “

226 2975 372 3025 acipensem
389 2963 509 3026 sumptui
525 2959 599 3020 ferre
616 2959 664 3010 ‘als
682 2958 803 3025 Ausgahe
827 2958 867 3009 itir
885 2957 933 3008 den
952 2956 1080 3008 hulwand
1098 2961 1238 3015 ansetzen'.

157 3028 205 3096 cig.
226 3028 385 3146 ‘eintralqgenss
413 3029 446 3080 Es
465 3029 499 3081 ist
516 3044 563 3079 nur
581 3043 631 3078 von
651 3026 700 3078 den
725 3025 1074 3093 regelmdssigcnhusgaben
1093 3025 1140 3078 des
1156 3027 1238 3083 Haus-

157 3097 225 3149 halts
244 3097 284 3148 die
326 3097 379 3148 cde.

225 3165 347 3216 auditum
374 3162 447 3214 ‘nach
474 3162 661 3228 Hdrensagen',
688 3165 825 3227 cognitum
857 3161 930 3214 ‘nach
964 3161 1050 3228 cigner
1077 3159 1238 3216 Kenntniss'.

158 3233 318 3284 Praedicare
336 3230 385 3282 wic
403 3231 456 3281 Ale.
475 3233 499 3292 4,
519 3233 542 3283 6.
578 3233 707 3281 Interesse
725 3232 818 3298 ‘Zeuge
837 3231 909 3282 scin'.

227 3297 274 3355 14.
297 3304 318 3352 1.
338 3314 464 3350 acroama
483 3299 680 3366 ‘Unterhaltung
697 3299 738 3350 fiir
756 3299 801 3350 das
820 3297 888 3351 Ohr’.
905 3326 939 3336 —
958 3312 1038 3362 quam
1057 3306 1238 3364 anagnoster.

157 3368 203 3421 Bei
221 3368 268 3420 den
287 3366 394 3420 Meisten
419 3366 525 3418 wurdcn
548 3366 589 3418 die
614 3367 691 3419 (laste
713 3366 792 3418 durch
816 3366 913 3434 uppige
930 3364 1016 3416 Musih
1040 3366 1092 3417 und
1111 3367 1239 3437 Gesiinge,

157 3436 237 3488 sowie
255 3437 334 3488 durch
352 3435 531 3502 Schauspicler
548 3435 599 3486 und
617 3436 807 3488 Possenreisscr
823 3434 993 3486 unterhalteu.

225 3507 249 3556 2.
278 3507 460 3555 abhorrerent.
495 3503 543 3555 Iler
565 3505 636 3568 Conj.
663 3504 712 3554 wic
732 3519 753 3555 c.
773 3507 832 3568 5‚4
858 3508 923 3552 erret
949 3501 1084 3552 emulatio
1113 3526 1148 3540 -·
1178 3518 1238 3554 cum

102 3577 106 3582 ’
156 3578 232 3691 lserme
248 3577 380 3638 pecuniae
397 3572 472 3632 sactu
492 3578 559 3623 erret
576 3575 699 3637 accessio,
718 3571 798 3623 durch
816 3571 857 3623 die
875 3570 1008 3622 Erbschalt
1027 3569 1238 3624 seinesOhcims.

175 3644 308 3706 .1.5,2.
842 3678 844 3683 -

224 3710 298 3759 cultu
315 3708 506 3776 ‘Einriehtung'.
542 3709 567 3761 S.
586 3725 618 3760 zu
637 3708 692 3759 Alc.
714 3711 753 3771 11,
770 3711 794 3760 4.
813 3731 845 3742 --
864 3721 928 3757 acas
946 3711 985 3755 eet
1002 3703 1051 3756 wie
1072 3707 1114 3770 11,
1133 3708 1158 3758 5.

225 3780 253 3827 in
272 3776 337 3828 ‘bei'.
373 3776 456 3828 Ueber
473 3781 593 3828 sestertio
613 3780 695 3828 vicies
713 3776 765 3827 und
783 3776 903 3825 sestertio
929 3776 1027 3825 centies
1052 3788 1084 3824 zu
1110 3789 1132 3825 c.
1164 3778 1190 3840 5,
1214 3778 1239 3828 2.

156 3843 201 3895 Die
227 3846 333 3897 letztcre
350 3844 457 3911 Angabe
479 3846 528 3897 soll
550 3845 621 3898 nicht
646 3858 729 3912 genae
755 3844 822 3908 sein,
848 3842 898 3894 wie
923 3858 944 3894 c.
963 3846 993 3906 5,
1018 3843 1033 3893 2
1060 3840 1139 3909 zeigt.
