<?xml version="1.0" encoding="UTF-8"?>
<!DOCTYPE html PUBLIC "-//W3C//DTD XHTML 1.0 Transitional//EN"
    "http://www.w3.org/TR/xhtml1/DTD/xhtml1-transitional.dtd">
<html xmlns="http://www.w3.org/1999/xhtml" xml:lang="en" lang="en">
 <head>
  <title>
</title>
<meta http-equiv="Content-Type" content="text/html;charset=utf-8" />
  <meta name='ocr-system' content='tesseract 3.04.00' />
  <meta name='ocr-capabilities' content='ocr_page ocr_carea ocr_par ocr_line ocrx_word'/>
</head>
<body>
  <div class='ocr_page' id='page_1' title='image "./corneliusnepos01nepogoog_0104.png"; bbox 0 0 2580 4372; ppageno 0'>
   <div class='ocr_carea' id='block_1_1' title="bbox 145 192 1036 257">
    <p class='ocr_par' dir='ltr' id='par_1_1' title="bbox 145 192 1036 257">
     <span class='ocr_line' id='line_1_1' title="bbox 145 192 1036 257; baseline 0.006 -9"><span class='ocrx_word' id='word_1_1' title='bbox 145 192 185 257; x_wconf 83' lang='lat'>98</span> <span class='ocrx_word' id='word_1_2' title='bbox 322 197 375 249; x_wconf 84' lang='lat' dir='ltr'>XV.</span> <span class='ocrx_word' id='word_1_3' title='bbox 393 196 635 253; x_wconf 76' lang='lat' dir='ltr'>ertmhortnas.</span> <span class='ocrx_word' id='word_1_4' title='bbox 655 203 693 252; x_wconf 86' lang='lat' dir='ltr'>to.</span> <span class='ocrx_word' id='word_1_5' title='bbox 728 199 792 252; x_wconf 85' lang='lat' dir='ltr'>xvt.</span> <span class='ocrx_word' id='word_1_6' title='bbox 809 198 993 252; x_wconf 76' lang='lat' dir='ltr'>Pnnorthas.</span> <span class='ocrx_word' id='word_1_7' title='bbox 1013 203 1036 254; x_wconf 91' lang='lat' dir='ltr'>t.</span> 
     </span>
    </p>
   </div>
   <div class='ocr_carea' id='block_1_2' title="bbox 83 371 1219 2318">
    <p class='ocr_par' dir='ltr' id='par_1_2' title="bbox 115 371 1219 604">
     <span class='ocr_line' id='line_1_2' title="bbox 115 371 1219 452; baseline -0.003 -18"><span class='ocrx_word' id='word_1_8' title='bbox 115 381 189 434; x_wconf 80' lang='lat' dir='ltr'>test</span> <span class='ocrx_word' id='word_1_9' title='bbox 209 372 313 432; x_wconf 90' lang='lat' dir='ltr'>vicisse</span> <span class='ocrx_word' id='word_1_10' title='bbox 333 371 480 433; x_wconf 86' lang='lat' dir='ltr'>Boeotios.</span> <span class='ocrx_word' id='word_1_11' title='bbox 524 372 556 433; x_wconf 92' lang='lat' dir='ltr'>ld</span> <span class='ocrx_word' id='word_1_12' title='bbox 579 381 736 452; x_wconf 75' lang='lat' dir='ltr'>postquam</span> <span class='ocrx_word' id='word_1_13' title='bbox 758 375 880 447; x_wconf 81' lang='lat' dir='ltr'>audivit,</span> <span class='ocrx_word' id='word_1_14' title='bbox 902 375 988 449; x_wconf 88' lang='lat' dir='ltr'>Satis,</span> <span class='ocrx_word' id='word_1_15' title='bbox 1012 372 1120 452; x_wconf 90' lang='lat' dir='ltr'>inquit,</span> <span class='ocrx_word' id='word_1_16' title='bbox 1141 371 1219 432; x_wconf 84' lang='lat' dir='ltr'>vixi:</span> 
     </span>
     <span class='ocr_line' id='line_1_3' title="bbox 145 456 1219 521; baseline 0 -3"><span class='ocrx_word' id='word_1_17' title='bbox 145 456 271 520; x_wconf 76' lang='lat' dir='ltr'>invictus</span> <span class='ocrx_word' id='word_1_18' title='bbox 293 457 371 517; x_wconf 87' lang='lat' dir='ltr'>enim</span> <span class='ocrx_word' id='word_1_19' title='bbox 395 457 515 517; x_wconf 91' lang='lat' dir='ltr'>morior.</span> <span class='ocrx_word' id='word_1_20' title='bbox 546 457 622 518; x_wconf 95' lang='lat' dir='ltr'>Tum</span> <span class='ocrx_word' id='word_1_21' title='bbox 644 459 722 518; x_wconf 87' lang='lat' dir='ltr'>lerro</span> <span class='ocrx_word' id='word_1_22' title='bbox 743 467 872 521; x_wconf 81' lang='lat' dir='ltr'>extracto</span> <span class='ocrx_word' id='word_1_23' title='bbox 893 458 1047 520; x_wconf 78' lang='lat' dir='ltr'><strong>confestim</strong></span> <span class='ocrx_word' id='word_1_24' title='bbox 1069 457 1219 519; x_wconf 83' lang='lat' dir='ltr'>exanima·</span> 
     </span>
     <span class='ocr_line' id='line_1_4' title="bbox 145 549 1170 604; baseline -0.002 0"><span class='ocrx_word' id='word_1_25' title='bbox 145 553 194 604; x_wconf 88' lang='lat' dir='ltr'>tus</span> <span class='ocrx_word' id='word_1_26' title='bbox 209 549 264 602; x_wconf 87' lang='lat' dir='ltr'>est.</span> <span class='ocrx_word' id='word_1_27' title='bbox 1166 583 1170 589; x_wconf 90' lang='lat'>-</span> 
     </span>
    </p>

    <p class='ocr_par' dir='ltr' id='par_1_3' title="bbox 98 626 1219 962">
     <span class='ocr_line' id='line_1_5' title="bbox 98 626 1217 706; baseline 0.002 -20"><span class='ocrx_word' id='word_1_28' title='bbox 98 633 136 694; x_wconf 86' lang='lat'>10</span> <span class='ocrx_word' id='word_1_29' title='bbox 231 626 287 687; x_wconf 90' lang='lat' dir='ltr'>llic</span> <span class='ocrx_word' id='word_1_30' title='bbox 301 644 422 686; x_wconf 87' lang='lat' dir='ltr'>uxorem</span> <span class='ocrx_word' id='word_1_31' title='bbox 438 645 599 705; x_wconf 81' lang='lat' dir='ltr'>numquam</span> <span class='ocrx_word' id='word_1_32' title='bbox 615 627 706 687; x_wconf 81' lang='lat' dir='ltr'>duxit.</span> <span class='ocrx_word' id='word_1_33' title='bbox 730 626 764 686; x_wconf 94' lang='lat' dir='ltr'>ln</span> <span class='ocrx_word' id='word_1_34' title='bbox 780 645 839 704; x_wconf 92' lang='lat' dir='ltr'>quo</span> <span class='ocrx_word' id='word_1_35' title='bbox 855 645 921 688; x_wconf 89' lang='lat' dir='ltr'>oum</span> <span class='ocrx_word' id='word_1_36' title='bbox 938 627 1217 706; x_wconf 78' lang='lat' dir='ltr'>reprehenderetur,</span> 
     </span>
     <span class='ocr_line' id='line_1_6' title="bbox 147 711 1219 792; baseline -0.001 -18"><span class='ocrx_word' id='word_1_37' title='bbox 147 711 224 792; x_wconf 93' lang='lat' dir='ltr'>quod</span> <span class='ocrx_word' id='word_1_38' title='bbox 240 711 349 772; x_wconf 89' lang='lat' dir='ltr'>liberos</span> <span class='ocrx_word' id='word_1_39' title='bbox 364 730 424 771; x_wconf 92' lang='lat' dir='ltr'>non</span> <span class='ocrx_word' id='word_1_40' title='bbox 441 712 631 790; x_wconf 89' lang='lat' dir='ltr'>relinqueret,</span> <span class='ocrx_word' id='word_1_41' title='bbox 647 731 664 772; x_wconf 90' lang='lat' dir='ltr'>a</span> <span class='ocrx_word' id='word_1_42' title='bbox 678 711 826 790; x_wconf 83' lang='lat' dir='ltr'>Pelopida,</span> <span class='ocrx_word' id='word_1_43' title='bbox 844 713 895 790; x_wconf 92' lang='lat' dir='ltr'>qui</span> <span class='ocrx_word' id='word_1_44' title='bbox 909 711 1002 773; x_wconf 86' lang='lat' dir='ltr'>filium</span> <span class='ocrx_word' id='word_1_45' title='bbox 1023 712 1150 773; x_wconf 88' lang='lat' dir='ltr'>habebat</span> <span class='ocrx_word' id='word_1_46' title='bbox 1169 712 1219 773; x_wconf 93' lang='lat' dir='ltr'>in·</span> 
     </span>
     <span class='ocr_line' id='line_1_7' title="bbox 146 795 1217 875; baseline 0.001 -18"><span class='ocrx_word' id='word_1_47' title='bbox 146 800 262 872; x_wconf 89' lang='lat' dir='ltr'>l&#39;amem,</span> <span class='ocrx_word' id='word_1_48' title='bbox 278 796 413 873; x_wconf 90' lang='lat' dir='ltr'>maleque</span> <span class='ocrx_word' id='word_1_49' title='bbox 429 815 495 856; x_wconf 81' lang='lat' dir='ltr'>euni</span> <span class='ocrx_word' id='word_1_50' title='bbox 518 796 549 857; x_wconf 94' lang='lat' dir='ltr'>in</span> <span class='ocrx_word' id='word_1_51' title='bbox 575 815 609 857; x_wconf 91' lang='lat' dir='ltr'>eo</span> <span class='ocrx_word' id='word_1_52' title='bbox 625 796 737 875; x_wconf 81' lang='lat' dir='ltr'>patriae</span> <span class='ocrx_word' id='word_1_53' title='bbox 759 796 914 858; x_wconf 86' lang='lat' dir='ltr'>consulere</span> <span class='ocrx_word' id='word_1_54' title='bbox 929 797 1057 872; x_wconf 87' lang='lat' dir='ltr'>diceret,</span> <span class='ocrx_word' id='word_1_55' title='bbox 1072 795 1155 872; x_wconf 87' lang='lat' dir='ltr'>Vide,</span> <span class='ocrx_word' id='word_1_56' title='bbox 1170 796 1217 858; x_wconf 91' lang='lat' dir='ltr'>in-</span> 
     </span>
     <span class='ocr_line' id='line_1_8' title="bbox 146 881 1217 962; baseline -0.001 -19"><span class='ocrx_word' id='word_1_57' title='bbox 146 884 220 962; x_wconf 90' lang='lat' dir='ltr'>quit,</span> <span class='ocrx_word' id='word_1_58' title='bbox 235 902 273 942; x_wconf 93' lang='lat' dir='ltr'>ne</span> <span class='ocrx_word' id='word_1_59' title='bbox 288 891 320 943; x_wconf 91' lang='lat' dir='ltr'>tu</span> <span class='ocrx_word' id='word_1_60' title='bbox 336 881 421 960; x_wconf 91' lang='lat' dir='ltr'>peius</span> <span class='ocrx_word' id='word_1_61' title='bbox 437 881 583 956; x_wconf 67' lang='lat' dir='ltr'>consulas</span> <span class='ocrx_word' id='word_1_62' title='bbox 599 881 650 960; x_wconf 91' lang='lat' dir='ltr'>qui</span> <span class='ocrx_word' id='word_1_63' title='bbox 665 882 752 942; x_wconf 90' lang='lat' dir='ltr'>talem</span> <span class='ocrx_word' id='word_1_64' title='bbox 768 899 803 941; x_wconf 84' lang='lat' dir='ltr'>ex</span> <span class='ocrx_word' id='word_1_65' title='bbox 817 889 846 942; x_wconf 90' lang='lat' dir='ltr'>te</span> <span class='ocrx_word' id='word_1_66' title='bbox 862 891 963 943; x_wconf 89' lang='lat' dir='ltr'>natum</span> <span class='ocrx_word' id='word_1_67' title='bbox 985 882 1145 945; x_wconf 89' lang='lat' dir='ltr'>relicturus</span> <span class='ocrx_word' id='word_1_68' title='bbox 1166 881 1217 943; x_wconf 90' lang='lat' dir='ltr'>sis.</span> 
     </span>
    </p>

    <p class='ocr_par' dir='ltr' id='par_1_4' title="bbox 117 965 1217 1198">
     <span class='ocr_line' id='line_1_9' title="bbox 117 965 1217 1046; baseline 0.003 -22"><span class='ocrx_word' id='word_1_69' title='bbox 117 968 248 1046; x_wconf 75' lang='lat' dir='ltr'>tNeque</span> <span class='ocrx_word' id='word_1_70' title='bbox 271 985 337 1028; x_wconf 85' lang='lat' dir='ltr'>vero</span> <span class='ocrx_word' id='word_1_71' title='bbox 360 965 450 1044; x_wconf 87' lang='lat' dir='ltr'>stirps</span> <span class='ocrx_word' id='word_1_72' title='bbox 464 974 562 1046; x_wconf 88' lang='lat' dir='ltr'>potest</span> <span class='ocrx_word' id='word_1_73' title='bbox 582 966 652 1026; x_wconf 92' lang='lat' dir='ltr'>mihi</span> <span class='ocrx_word' id='word_1_74' title='bbox 674 967 785 1027; x_wconf 85' lang='lat' dir='ltr'>deesse.</span> <span class='ocrx_word' id='word_1_75' title='bbox 829 966 961 1046; x_wconf 90' lang='lat' dir='ltr'>Namque</span> <span class='ocrx_word' id='word_1_76' title='bbox 987 987 1022 1028; x_wconf 86' lang='lat' dir='ltr'>ex</span> <span class='ocrx_word' id='word_1_77' title='bbox 1046 986 1095 1028; x_wconf 94' lang='lat' dir='ltr'>me</span> <span class='ocrx_word' id='word_1_78' title='bbox 1121 974 1217 1029; x_wconf 90' lang='lat' dir='ltr'>natam</span> 
     </span>
     <span class='ocr_line' id='line_1_10' title="bbox 147 1051 1217 1132; baseline 0.002 -21"><span class='ocrx_word' id='word_1_79' title='bbox 147 1052 283 1130; x_wconf 91' lang='lat' dir='ltr'>relinquo</span> <span class='ocrx_word' id='word_1_80' title='bbox 306 1067 436 1131; x_wconf 83' lang='lat' dir='ltr'>pugnam</span> <span class='ocrx_word' id='word_1_81' title='bbox 450 1051 650 1125; x_wconf 78' lang='lat' dir='ltr'>Leuctricam,</span> <span class='ocrx_word' id='word_1_82' title='bbox 673 1069 747 1129; x_wconf 93' lang='lat' dir='ltr'>quae</span> <span class='ocrx_word' id='word_1_83' title='bbox 769 1069 829 1111; x_wconf 90' lang='lat' dir='ltr'>non</span> <span class='ocrx_word' id='word_1_84' title='bbox 851 1052 938 1112; x_wconf 90' lang='lat' dir='ltr'>modo</span> <span class='ocrx_word' id='word_1_85' title='bbox 960 1052 1031 1112; x_wconf 94' lang='lat' dir='ltr'>mihi</span> <span class='ocrx_word' id='word_1_86' title='bbox 1054 1060 1217 1132; x_wconf 84' lang='lat' dir='ltr'>superstes,</span> 
     </span>
     <span class='ocr_line' id='line_1_11' title="bbox 148 1136 744 1198; baseline -0.007 0"><span class='ocrx_word' id='word_1_87' title='bbox 148 1139 199 1198; x_wconf 90' lang='lat' dir='ltr'>sed</span> <span class='ocrx_word' id='word_1_88' title='bbox 215 1137 299 1198; x_wconf 90' lang='lat' dir='ltr'>etiam</span> <span class='ocrx_word' id='word_1_89' title='bbox 315 1136 486 1197; x_wconf 87' lang='lat' dir='ltr'>immortalis</span> <span class='ocrx_word' id='word_1_90' title='bbox 502 1136 539 1196; x_wconf 91' lang='lat' dir='ltr'>sit</span> <span class='ocrx_word' id='word_1_91' title='bbox 554 1155 676 1196; x_wconf 88' lang='lat' dir='ltr'>necesso</span> <span class='ocrx_word' id='word_1_92' title='bbox 692 1143 744 1197; x_wconf 91' lang='lat' dir='ltr'>est.</span> 
     </span>
    </p>

    <p class='ocr_par' dir='ltr' id='par_1_5' title="bbox 118 1220 1219 1812">
     <span class='ocr_line' id='line_1_12' title="bbox 118 1220 1219 1300; baseline 0.004 -22"><span class='ocrx_word' id='word_1_93' title='bbox 118 1227 133 1278; x_wconf 85' lang='lat'><strong>3</strong></span> <span class='ocrx_word' id='word_1_94' title='bbox 232 1222 297 1293; x_wconf 82' lang='lat' dir='ltr'>Quo</span> <span class='ocrx_word' id='word_1_95' title='bbox 318 1228 452 1300; x_wconf 89' lang='lat' dir='ltr'>tempore</span> <span class='ocrx_word' id='word_1_96' title='bbox 474 1222 549 1282; x_wconf 88' lang='lat' dir='ltr'>duce</span> <span class='ocrx_word' id='word_1_97' title='bbox 564 1221 702 1300; x_wconf 85' lang='lat' dir='ltr'>Pelopida</span> <span class='ocrx_word' id='word_1_98' title='bbox 724 1220 824 1281; x_wconf 85' lang='lat' dir='ltr'>exules</span> <span class='ocrx_word' id='word_1_99' title='bbox 846 1220 961 1282; x_wconf 84' lang='lat' dir='ltr'>Thebas</span> <span class='ocrx_word' id='word_1_100' title='bbox 983 1229 1169 1300; x_wconf 89' lang='lat' dir='ltr'>occuparunt</span> <span class='ocrx_word' id='word_1_101' title='bbox 1190 1229 1219 1283; x_wconf 87' lang='lat' dir='ltr'>et</span> 
     </span>
     <span class='ocr_line' id='line_1_13' title="bbox 147 1305 1217 1386; baseline 0 -19"><span class='ocrx_word' id='word_1_102' title='bbox 147 1306 322 1386; x_wconf 84' lang='lat' dir='ltr'>praesidium</span> <span class='ocrx_word' id='word_1_103' title='bbox 338 1306 635 1367; x_wconf 79' lang='lat' dir='ltr'>Lacedaemoniorum</span> <span class='ocrx_word' id='word_1_104' title='bbox 653 1325 688 1366; x_wconf 89' lang='lat' dir='ltr'>ex</span> <span class='ocrx_word' id='word_1_105' title='bbox 702 1324 768 1366; x_wconf 88' lang='lat' dir='ltr'>arce</span> <span class='ocrx_word' id='word_1_106' title='bbox 785 1305 972 1384; x_wconf 84' lang='lat' dir='ltr'>expulerunt,</span> <span class='ocrx_word' id='word_1_107' title='bbox 987 1305 1217 1386; x_wconf 85' lang='lat' dir='ltr'>Epaminondas,</span> 
     </span>
     <span class='ocr_line' id='line_1_14' title="bbox 147 1391 1218 1470; baseline -0.001 -17"><span class='ocrx_word' id='word_1_108' title='bbox 147 1391 286 1470; x_wconf 88' lang='lat' dir='ltr'>quamdiu</span> <span class='ocrx_word' id='word_1_109' title='bbox 300 1392 375 1452; x_wconf 87' lang='lat' dir='ltr'>lacta</span> <span class='ocrx_word' id='word_1_110' title='bbox 390 1400 434 1451; x_wconf 90' lang='lat' dir='ltr'>est</span> <span class='ocrx_word' id='word_1_111' title='bbox 449 1392 552 1452; x_wconf 89' lang='lat' dir='ltr'>caedes</span> <span class='ocrx_word' id='word_1_112' title='bbox 574 1391 696 1465; x_wconf 87' lang='lat' dir='ltr'>civium,</span> <span class='ocrx_word' id='word_1_113' title='bbox 722 1391 809 1450; x_wconf 92' lang='lat' dir='ltr'>domo</span> <span class='ocrx_word' id='word_1_114' title='bbox 831 1410 862 1451; x_wconf 90' lang='lat' dir='ltr'>se</span> <span class='ocrx_word' id='word_1_115' title='bbox 883 1391 993 1466; x_wconf 89' lang='lat' dir='ltr'>tenuit,</span> <span class='ocrx_word' id='word_1_116' title='bbox 1015 1391 1095 1470; x_wconf 92' lang='lat' dir='ltr'>quod</span> <span class='ocrx_word' id='word_1_117' title='bbox 1121 1408 1218 1470; x_wconf 92' lang='lat' dir='ltr'>neque</span> 
     </span>
     <span class='ocr_line' id='line_1_15' title="bbox 146 1475 1218 1554; baseline -0.001 -17"><span class='ocrx_word' id='word_1_118' title='bbox 146 1477 238 1537; x_wconf 93' lang='lat' dir='ltr'>malos</span> <span class='ocrx_word' id='word_1_119' title='bbox 261 1475 418 1536; x_wconf 84' lang='lat' dir='ltr'>defendere</span> <span class='ocrx_word' id='word_1_120' title='bbox 439 1475 554 1536; x_wconf 83' lang='lat' dir='ltr'>volebat</span> <span class='ocrx_word' id='word_1_121' title='bbox 575 1494 672 1554; x_wconf 92' lang='lat' dir='ltr'>neque</span> <span class='ocrx_word' id='word_1_122' title='bbox 694 1476 885 1553; x_wconf 83' lang='lat' dir='ltr'>impugnare,</span> <span class='ocrx_word' id='word_1_123' title='bbox 907 1495 946 1536; x_wconf 89' lang='lat' dir='ltr'>ne</span> <span class='ocrx_word' id='word_1_124' title='bbox 967 1494 1073 1536; x_wconf 93' lang='lat' dir='ltr'>manus</span> <span class='ocrx_word' id='word_1_125' title='bbox 1095 1494 1218 1537; x_wconf 86' lang='lat' dir='ltr'>suornm</span> 
     </span>
     <span class='ocr_line' id='line_1_16' title="bbox 147 1560 1219 1640; baseline 0.001 -19"><span class='ocrx_word' id='word_1_126' title='bbox 147 1560 291 1640; x_wconf 88' lang='lat' dir='ltr'>sanguine</span> <span class='ocrx_word' id='word_1_127' title='bbox 302 1568 479 1621; x_wconf 89' lang='lat' dir='ltr'>cruentaret.</span> <span class='ocrx_word' id='word_1_128' title='bbox 501 1560 633 1638; x_wconf 88' lang='lat' dir='ltr'>Namque</span> <span class='ocrx_word' id='word_1_129' title='bbox 649 1578 767 1620; x_wconf 91' lang='lat' dir='ltr'>omnem</span> <span class='ocrx_word' id='word_1_130' title='bbox 778 1560 890 1621; x_wconf 87' lang='lat' dir='ltr'>civilem</span> <span class='ocrx_word' id='word_1_131' title='bbox 906 1561 1055 1623; x_wconf 88' lang='lat' dir='ltr'>victoriam</span> <span class='ocrx_word' id='word_1_132' title='bbox 1070 1560 1219 1622; x_wconf 81' lang='lat' dir='ltr'>funestam</span> 
     </span>
     <span class='ocr_line' id='line_1_17' title="bbox 148 1644 1218 1726; baseline 0 -19"><span class='ocrx_word' id='word_1_133' title='bbox 148 1646 277 1726; x_wconf 91' lang='lat' dir='ltr'>putabat.</span> <span class='ocrx_word' id='word_1_134' title='bbox 314 1645 412 1719; x_wconf 90' lang='lat' dir='ltr'>Idem,</span> <span class='ocrx_word' id='word_1_135' title='bbox 440 1652 595 1724; x_wconf 87' lang='lat' dir='ltr'>postquam</span> <span class='ocrx_word' id='word_1_136' title='bbox 624 1645 700 1723; x_wconf 88' lang='lat' dir='ltr'>apud</span> <span class='ocrx_word' id='word_1_137' title='bbox 724 1644 869 1706; x_wconf 83' lang='lat' dir='ltr'>Cadmiam</span> <span class='ocrx_word' id='word_1_138' title='bbox 891 1665 957 1706; x_wconf 94' lang='lat' dir='ltr'>cum</span> <span class='ocrx_word' id='word_1_139' title='bbox 980 1645 1218 1708; x_wconf 88' lang='lat' dir='ltr'>Lacedaemoniis</span> 
     </span>
     <span class='ocr_line' id='line_1_18' title="bbox 148 1730 641 1812; baseline -0.008 -19"><span class='ocrx_word' id='word_1_140' title='bbox 148 1750 248 1812; x_wconf 81' lang='lat' dir='ltr'>pugna</span> <span class='ocrx_word' id='word_1_141' title='bbox 263 1730 370 1810; x_wconf 82' lang='lat' dir='ltr'>coepit,</span> <span class='ocrx_word' id='word_1_142' title='bbox 387 1731 418 1791; x_wconf 90' lang='lat' dir='ltr'>in</span> <span class='ocrx_word' id='word_1_143' title='bbox 434 1730 537 1810; x_wconf 91' lang='lat' dir='ltr'>primis</span> <span class='ocrx_word' id='word_1_144' title='bbox 552 1731 641 1791; x_wconf 89' lang='lat' dir='ltr'>stetit.</span> 
     </span>
    </p>

    <p class='ocr_par' dir='ltr' id='par_1_6' title="bbox 118 1814 1219 2235">
     <span class='ocr_line' id='line_1_19' title="bbox 118 1814 1217 1894; baseline 0.005 -24"><span class='ocrx_word' id='word_1_145' title='bbox 118 1818 135 1870; x_wconf 79' lang='lat' dir='ltr'>t</span> <span class='ocrx_word' id='word_1_146' title='bbox 233 1815 329 1877; x_wconf 91' lang='lat' dir='ltr'>Huius</span> <span class='ocrx_word' id='word_1_147' title='bbox 345 1817 381 1875; x_wconf 91' lang='lat' dir='ltr'>do</span> <span class='ocrx_word' id='word_1_148' title='bbox 396 1815 553 1876; x_wconf 84' lang='lat' dir='ltr'>virtutihus</span> <span class='ocrx_word' id='word_1_149' title='bbox 566 1815 683 1894; x_wconf 87' lang='lat' dir='ltr'>vitaque</span> <span class='ocrx_word' id='word_1_150' title='bbox 699 1814 768 1874; x_wconf 90' lang='lat' dir='ltr'>satis</span> <span class='ocrx_word' id='word_1_151' title='bbox 785 1815 841 1875; x_wconf 87' lang='lat' dir='ltr'>erit</span> <span class='ocrx_word' id='word_1_152' title='bbox 856 1814 981 1890; x_wconf 89' lang='lat' dir='ltr'>dictum,</span> <span class='ocrx_word' id='word_1_153' title='bbox 998 1815 1022 1876; x_wconf 92' lang='lat' dir='ltr'>si</span> <span class='ocrx_word' id='word_1_154' title='bbox 1042 1815 1102 1876; x_wconf 89' lang='lat' dir='ltr'>hoc</span> <span class='ocrx_word' id='word_1_155' title='bbox 1123 1834 1217 1876; x_wconf 93' lang='lat' dir='ltr'>unum</span> 
     </span>
     <span class='ocr_line' id='line_1_20' title="bbox 148 1899 1219 1979; baseline 0.001 -19"><span class='ocrx_word' id='word_1_156' title='bbox 148 1901 320 1975; x_wconf 85' lang='lat' dir='ltr'>adiunxero,</span> <span class='ocrx_word' id='word_1_157' title='bbox 335 1900 415 1978; x_wconf 89' lang='lat' dir='ltr'>quod</span> <span class='ocrx_word' id='word_1_158' title='bbox 430 1919 517 1961; x_wconf 91' lang='lat' dir='ltr'>nemo</span> <span class='ocrx_word' id='word_1_159' title='bbox 533 1901 556 1960; x_wconf 87' lang='lat' dir='ltr'>it</span> <span class='ocrx_word' id='word_1_160' title='bbox 569 1899 694 1975; x_wconf 75' lang='lat' dir='ltr'>inficiae,</span> <span class='ocrx_word' id='word_1_161' title='bbox 717 1899 832 1960; x_wconf 83' lang='lat' dir='ltr'>Thebas</span> <span class='ocrx_word' id='word_1_162' title='bbox 853 1908 882 1960; x_wconf 91' lang='lat' dir='ltr'>et</span> <span class='ocrx_word' id='word_1_163' title='bbox 902 1907 969 1961; x_wconf 90' lang='lat' dir='ltr'>ante</span> <span class='ocrx_word' id='word_1_164' title='bbox 983 1900 1219 1979; x_wconf 88' lang='lat' dir='ltr'>Epaminondam</span> 
     </span>
     <span class='ocr_line' id='line_1_21' title="bbox 149 1985 1218 2064; baseline 0 -18"><span class='ocrx_word' id='word_1_165' title='bbox 149 1993 248 2046; x_wconf 90' lang='lat' dir='ltr'>natum</span> <span class='ocrx_word' id='word_1_166' title='bbox 273 1995 302 2046; x_wconf 90' lang='lat' dir='ltr'>et</span> <span class='ocrx_word' id='word_1_167' title='bbox 316 1992 383 2064; x_wconf 91' lang='lat' dir='ltr'>post</span> <span class='ocrx_word' id='word_1_168' title='bbox 398 1985 528 2045; x_wconf 92' lang='lat' dir='ltr'>eiusdem</span> <span class='ocrx_word' id='word_1_169' title='bbox 543 1985 695 2045; x_wconf 86' lang='lat' dir='ltr'>interitum</span> <span class='ocrx_word' id='word_1_170' title='bbox 715 1992 860 2063; x_wconf 90' lang='lat' dir='ltr'>perpetuo</span> <span class='ocrx_word' id='word_1_171' title='bbox 881 1985 977 2046; x_wconf 91' lang='lat' dir='ltr'>alieno</span> <span class='ocrx_word' id='word_1_172' title='bbox 1002 1985 1138 2064; x_wconf 86' lang='lat' dir='ltr'>paruisse</span> <span class='ocrx_word' id='word_1_173' title='bbox 1163 1985 1218 2046; x_wconf 86' lang='lat' dir='ltr'>im-</span> 
     </span>
     <span class='ocr_line' id='line_1_22' title="bbox 149 2068 1218 2150; baseline 0 -19"><span class='ocrx_word' id='word_1_174' title='bbox 149 2071 248 2149; x_wconf 90' lang='lat' dir='ltr'>peri0;</span> <span class='ocrx_word' id='word_1_175' title='bbox 265 2077 367 2130; x_wconf 90' lang='lat' dir='ltr'>contra</span> <span class='ocrx_word' id='word_1_176' title='bbox 379 2089 421 2142; x_wconf 89' lang='lat' dir='ltr'>ea,</span> <span class='ocrx_word' id='word_1_177' title='bbox 434 2069 574 2148; x_wconf 91' lang='lat' dir='ltr'>quamdiu</span> <span class='ocrx_word' id='word_1_178' title='bbox 584 2069 633 2130; x_wconf 90' lang='lat' dir='ltr'>ille</span> <span class='ocrx_word' id='word_1_179' title='bbox 644 2069 805 2148; x_wconf 84' lang='lat' dir='ltr'>praetuerit</span> <span class='ocrx_word' id='word_1_180' title='bbox 816 2070 858 2130; x_wconf 91' lang='lat' dir='ltr'>rei</span> <span class='ocrx_word' id='word_1_181' title='bbox 871 2068 1016 2150; x_wconf 90' lang='lat' dir='ltr'>publicae,</span> <span class='ocrx_word' id='word_1_182' title='bbox 1028 2078 1118 2149; x_wconf 90' lang='lat' dir='ltr'>caput</span> <span class='ocrx_word' id='word_1_183' title='bbox 1127 2070 1218 2131; x_wconf 83' lang='lat' dir='ltr'>luisse</span> 
     </span>
     <span class='ocr_line' id='line_1_23' title="bbox 148 2152 1219 2235; baseline 0.003 -21"><span class='ocrx_word' id='word_1_184' title='bbox 148 2155 239 2214; x_wconf 89' lang='lat' dir='ltr'>totins</span> <span class='ocrx_word' id='word_1_185' title='bbox 254 2154 401 2215; x_wconf 86' lang='lat' dir='ltr'>Graeciae.</span> <span class='ocrx_word' id='word_1_186' title='bbox 431 2153 474 2214; x_wconf 85' lang='lat' dir='ltr'>Er</span> <span class='ocrx_word' id='word_1_187' title='bbox 490 2173 549 2233; x_wconf 90' lang='lat' dir='ltr'>quo</span> <span class='ocrx_word' id='word_1_188' title='bbox 565 2152 694 2231; x_wconf 84' lang='lat' dir='ltr'>intellegi</span> <span class='ocrx_word' id='word_1_189' title='bbox 716 2162 814 2232; x_wconf 91' lang='lat' dir='ltr'>potest</span> <span class='ocrx_word' id='word_1_190' title='bbox 835 2174 928 2216; x_wconf 77' lang='lat' dir='ltr'>arnum</span> <span class='ocrx_word' id='word_1_191' title='bbox 950 2156 1100 2217; x_wconf 90' lang='lat' dir='ltr'>hominem</span> <span class='ocrx_word' id='word_1_192' title='bbox 1123 2155 1219 2235; x_wconf 83' lang='lat' dir='ltr'>pluris</span> 
     </span>
    </p>

    <p class='ocr_par' dir='ltr' id='par_1_7' title="bbox 83 2238 510 2318">
     <span class='ocr_line' id='line_1_24' title="bbox 83 2238 510 2318; baseline 0.002 -19"><span class='ocrx_word' id='word_1_193' title='bbox 83 2252 86 2259; x_wconf 79' lang='grc'><em>“</em></span> <span class='ocrx_word' id='word_1_194' title='bbox 149 2257 236 2318; x_wconf 87' lang='lat' dir='ltr'>qnam</span> <span class='ocrx_word' id='word_1_195' title='bbox 252 2238 395 2300; x_wconf 88' lang='lat' dir='ltr'>civitatem</span> <span class='ocrx_word' id='word_1_196' title='bbox 409 2238 510 2300; x_wconf 87' lang='lat' dir='ltr'>luisse.</span> 
     </span>
    </p>
   </div>
   <div class='ocr_carea' id='block_1_3' title="bbox 527 2353 848 2408">
    <p class='ocr_par' dir='ltr' id='par_1_8' title="bbox 527 2353 848 2408">
     <span class='ocr_line' id='line_1_25' title="bbox 527 2353 848 2408; baseline -0.006 0"><span class='ocrx_word' id='word_1_197' title='bbox 527 2355 590 2408; x_wconf 78' lang='lat' dir='ltr'>xvi.</span> <span class='ocrx_word' id='word_1_198' title='bbox 625 2353 848 2407; x_wconf 80' lang='lat' dir='ltr'>PELOPIDAS.</span> 
     </span>
    </p>
   </div>
   <div class='ocr_carea' id='block_1_4' title="bbox 85 2441 1221 2608">
    <p class='ocr_par' dir='ltr' id='par_1_9' title="bbox 85 2441 1221 2608">
     <span class='ocr_line' id='line_1_26' title="bbox 234 2441 1219 2521; baseline 0.001 -18"><span class='ocrx_word' id='word_1_199' title='bbox 234 2442 395 2504; x_wconf 74' lang='lat' dir='ltr'>Priuernas</span> <span class='ocrx_word' id='word_1_200' title='bbox 418 2443 591 2517; x_wconf 86' lang='lat' dir='ltr'>Thebanus,</span> <span class='ocrx_word' id='word_1_201' title='bbox 614 2442 707 2521; x_wconf 88' lang='lat' dir='ltr'>magis</span> <span class='ocrx_word' id='word_1_202' title='bbox 726 2442 875 2503; x_wconf 92' lang='lat' dir='ltr'>historicis</span> <span class='ocrx_word' id='word_1_203' title='bbox 900 2461 987 2521; x_wconf 88' lang='lat' dir='ltr'>qnam</span> <span class='ocrx_word' id='word_1_204' title='bbox 1008 2441 1096 2521; x_wconf 80' lang='lat' dir='ltr'>vulgo</span> <span class='ocrx_word' id='word_1_205' title='bbox 1120 2450 1219 2504; x_wconf 90' lang='lat' dir='ltr'>notus.</span> 
     </span>
     <span class='ocr_line' id='line_1_27' title="bbox 85 2527 1221 2608; baseline 0.001 -19"><span class='ocrx_word' id='word_1_206' title='bbox 85 2601 88 2606; x_wconf 82' lang='lat'>.</span> <span class='ocrx_word' id='word_1_207' title='bbox 150 2527 240 2589; x_wconf 84' lang='lat' dir='ltr'>Cuius</span> <span class='ocrx_word' id='word_1_208' title='bbox 261 2529 297 2590; x_wconf 91' lang='lat' dir='ltr'>de</span> <span class='ocrx_word' id='word_1_209' title='bbox 317 2529 475 2589; x_wconf 88' lang='lat' dir='ltr'>virtutibus</span> <span class='ocrx_word' id='word_1_210' title='bbox 496 2527 597 2589; x_wconf 87' lang='lat' dir='ltr'>dubito</span> <span class='ocrx_word' id='word_1_211' title='bbox 620 2527 866 2608; x_wconf 89' lang='lat' dir='ltr'>quemadmodum</span> <span class='ocrx_word' id='word_1_212' title='bbox 888 2546 1052 2606; x_wconf 82' lang='lat' dir='ltr'>exponam,</span> <span class='ocrx_word' id='word_1_213' title='bbox 1075 2527 1221 2606; x_wconf 86' lang='lat' dir='ltr'>quodve·</span> 
     </span>
    </p>
   </div>
   <div class='ocr_carea' id='block_1_5' title="bbox 150 2724 1221 3541">
    <p class='ocr_par' dir='ltr' id='par_1_10' title="bbox 150 2724 1219 2929">
     <span class='ocr_line' id='line_1_28' title="bbox 221 2724 1219 2792; baseline 0.001 -14"><span class='ocrx_word' id='word_1_214' title='bbox 221 2724 269 2783; x_wconf 85' lang='lat'>10.</span> <span class='ocrx_word' id='word_1_215' title='bbox 291 2731 312 2778; x_wconf 90' lang='lat'>1.</span> <span class='ocrx_word' id='word_1_216' title='bbox 330 2728 362 2777; x_wconf 87' lang='lat' dir='ltr'>In</span> <span class='ocrx_word' id='word_1_217' title='bbox 380 2744 432 2792; x_wconf 82' lang='lat' dir='ltr'>quo</span> <span class='ocrx_word' id='word_1_218' title='bbox 451 2728 500 2779; x_wconf 88' lang='lat' dir='ltr'>wie</span> <span class='ocrx_word' id='word_1_219' title='bbox 517 2729 593 2780; x_wconf 86' lang='lat' dir='ltr'>Paus.</span> <span class='ocrx_word' id='word_1_220' title='bbox 615 2732 636 2790; x_wconf 90' lang='lat'>1,</span> <span class='ocrx_word' id='word_1_221' title='bbox 655 2730 678 2778; x_wconf 89' lang='lat'>3.</span> <span class='ocrx_word' id='word_1_222' title='bbox 697 2754 730 2764; x_wconf 88' lang='lat'><em>-</em></span> <span class='ocrx_word' id='word_1_223' title='bbox 748 2727 1026 2792; x_wconf 79' lang='lat' dir='ltr'>moleque-diceret,</span> <span class='ocrx_word' id='word_1_224' title='bbox 1049 2727 1127 2780; x_wconf 81' lang='lat' dir='ltr'>niiml.</span> <span class='ocrx_word' id='word_1_225' title='bbox 1145 2727 1219 2779; x_wconf 90' lang='lat' dir='ltr'>Pelo-</span> 
     </span>
     <span class='ocr_line' id='line_1_29' title="bbox 150 2793 1219 2863; baseline 0 -17"><span class='ocrx_word' id='word_1_226' title='bbox 150 2795 232 2862; x_wconf 86' lang='lat' dir='ltr'>pidas,</span> <span class='ocrx_word' id='word_1_227' title='bbox 248 2796 329 2862; x_wconf 76' lang='lat' dir='ltr'>hdngt</span> <span class='ocrx_word' id='word_1_228' title='bbox 345 2810 396 2846; x_wconf 84' lang='lat' dir='ltr'>ron</span> <span class='ocrx_word' id='word_1_229' title='bbox 415 2811 474 2845; x_wconf 81' lang='lat' dir='ltr'>oum</span> <span class='ocrx_word' id='word_1_230' title='bbox 491 2794 532 2847; x_wconf 88' lang='lat' dir='ltr'>ab.</span> <span class='ocrx_word' id='word_1_231' title='bbox 542 2823 575 2832; x_wconf 93' lang='lat'><em>-</em></span> <span class='ocrx_word' id='word_1_232' title='bbox 587 2812 622 2845; x_wconf 80' lang='lat' dir='ltr'>eac</span> <span class='ocrx_word' id='word_1_233' title='bbox 640 2800 665 2845; x_wconf 84' lang='lat' dir='ltr'>te</span> <span class='ocrx_word' id='word_1_234' title='bbox 682 2799 775 2844; x_wconf 83' lang='lat' dir='ltr'>notum</span> <span class='ocrx_word' id='word_1_235' title='bbox 792 2794 839 2846; x_wconf 84' lang='lat' dir='ltr'>‘als</span> <span class='ocrx_word' id='word_1_236' title='bbox 857 2795 947 2846; x_wconf 86' lang='lat' dir='ltr'>deinen</span> <span class='ocrx_word' id='word_1_237' title='bbox 966 2793 1045 2863; x_wconf 84' lang='lat' dir='ltr'>Solm’</span> <span class='ocrx_word' id='word_1_238' title='bbox 1062 2794 1115 2846; x_wconf 90' lang='lat' dir='ltr'>und</span> <span class='ocrx_word' id='word_1_239' title='bbox 1125 2795 1219 2848; x_wconf 85' lang='lat' dir='ltr'>ebenso</span> 
     </span>
     <span class='ocr_line' id='line_1_30' title="bbox 151 2861 1219 2929; baseline 0.001 -15"><span class='ocrx_word' id='word_1_240' title='bbox 151 2864 166 2927; x_wconf 68' lang='grc' dir='ltr'><strong>ξ</strong></span> <span class='ocrx_word' id='word_1_241' title='bbox 184 2865 200 2914; x_wconf 83' lang='lat'><strong>2</strong></span> <span class='ocrx_word' id='word_1_242' title='bbox 219 2879 253 2912; x_wconf 81' lang='lat' dir='ltr'>eac</span> <span class='ocrx_word' id='word_1_243' title='bbox 271 2879 311 2912; x_wconf 80' lang='lat' dir='ltr'>nae</span> <span class='ocrx_word' id='word_1_244' title='bbox 328 2868 428 2914; x_wconf 69' lang='lat' dir='ltr'>natant.</span> <span class='ocrx_word' id='word_1_245' title='bbox 439 2864 627 2913; x_wconf 76' lang='lat' dir='ltr'>--relietumas</span> <span class='ocrx_word' id='word_1_246' title='bbox 644 2865 688 2913; x_wconf 79' lang='lat' dir='ltr'>sic.</span> <span class='ocrx_word' id='word_1_247' title='bbox 705 2861 764 2913; x_wconf 48' lang='lat' dir='ltr'>&gt;Der</span> <span class='ocrx_word' id='word_1_248' title='bbox 782 2863 933 2926; x_wconf 83' lang='lat' dir='ltr'>Corrjuuctir</span> <span class='ocrx_word' id='word_1_249' title='bbox 951 2863 1008 2929; x_wconf 82' lang='lat' dir='ltr'>gibt</span> <span class='ocrx_word' id='word_1_250' title='bbox 1025 2861 1074 2914; x_wconf 89' lang='lat' dir='ltr'>den</span> <span class='ocrx_word' id='word_1_251' title='bbox 1085 2862 1219 2915; x_wconf 81' lang='lat' dir='ltr'>Grandae.</span> 
     </span>
    </p>

    <p class='ocr_par' dir='ltr' id='par_1_11' title="bbox 152 2929 1218 3066">
     <span class='ocr_line' id='line_1_31' title="bbox 219 2929 1218 2995; baseline 0.002 -12"><span class='ocrx_word' id='word_1_252' title='bbox 219 2933 243 2983; x_wconf 83' lang='lat'>3.</span> <span class='ocrx_word' id='word_1_253' title='bbox 271 2932 320 2983; x_wconf 78' lang='lat'>379</span> <span class='ocrx_word' id='word_1_254' title='bbox 338 2947 363 2982; x_wconf 80' lang='lat' dir='ltr'>V.</span> <span class='ocrx_word' id='word_1_255' title='bbox 383 2929 427 2982; x_wconf 81' lang='lat' dir='ltr'>dh.</span> <span class='ocrx_word' id='word_1_256' title='bbox 462 2930 486 2982; x_wconf 89' lang='lat' dir='ltr'>S.</span> <span class='ocrx_word' id='word_1_257' title='bbox 505 2930 558 2982; x_wconf 86' lang='lat' dir='ltr'>Pel.</span> <span class='ocrx_word' id='word_1_258' title='bbox 577 2933 591 2983; x_wconf 84' lang='lat'><strong>2</strong></span> <span class='ocrx_word' id='word_1_259' title='bbox 610 2931 636 2982; x_wconf 86' lang='grc'>11.</span> <span class='ocrx_word' id='word_1_260' title='bbox 654 2958 687 2967; x_wconf 92' lang='grc'>-</span> <span class='ocrx_word' id='word_1_261' title='bbox 704 2931 778 2991; x_wconf 77' lang='lat' dir='ltr'>faeta</span> <span class='ocrx_word' id='word_1_262' title='bbox 797 2937 836 2981; x_wconf 81' lang='lat' dir='ltr'>eal</span> <span class='ocrx_word' id='word_1_263' title='bbox 853 2932 945 2981; x_wconf 80' lang='lat' dir='ltr'>coedes</span> <span class='ocrx_word' id='word_1_264' title='bbox 962 2931 1012 2982; x_wconf 87' lang='lat' dir='ltr'>wie</span> <span class='ocrx_word' id='word_1_265' title='bbox 1030 2930 1120 2984; x_wconf 79' lang='lat' dir='ltr'>Thrae.</span> <span class='ocrx_word' id='word_1_266' title='bbox 1139 2935 1171 2995; x_wconf 79' lang='lat'>3,</span> <span class='ocrx_word' id='word_1_267' title='bbox 1190 2935 1218 2992; x_wconf 82' lang='lat'>3;</span> 
     </span>
     <span class='ocr_line' id='line_1_32' title="bbox 152 2997 749 3066; baseline -0.002 -16"><span class='ocrx_word' id='word_1_268' title='bbox 152 3002 249 3050; x_wconf 74' lang='lat' dir='ltr'>elotum</span> <span class='ocrx_word' id='word_1_269' title='bbox 266 2997 422 3066; x_wconf 80' lang='lat' dir='ltr'>‘lilitbhrger’</span> <span class='ocrx_word' id='word_1_270' title='bbox 439 2998 510 3051; x_wconf 88' lang='lat' dir='ltr'>nieht</span> <span class='ocrx_word' id='word_1_271' title='bbox 527 2999 576 3051; x_wconf 91' lang='lat' dir='ltr'>‘die</span> <span class='ocrx_word' id='word_1_272' title='bbox 593 2998 749 3064; x_wconf 77' lang='lat' dir='ltr'>Mithiirger&#39;.</span> 
     </span>
    </p>

    <p class='ocr_par' dir='ltr' id='par_1_12' title="bbox 150 3065 1221 3541">
     <span class='ocr_line' id='line_1_33' title="bbox 219 3065 1220 3135; baseline -0.002 -16"><span class='ocrx_word' id='word_1_273' title='bbox 219 3065 305 3119; x_wconf 77' lang='lat' dir='ltr'>doario.</span> <span class='ocrx_word' id='word_1_274' title='bbox 340 3066 365 3119; x_wconf 88' lang='lat' dir='ltr'>S.</span> <span class='ocrx_word' id='word_1_275' title='bbox 384 3083 415 3118; x_wconf 86' lang='lat' dir='ltr'>zu</span> <span class='ocrx_word' id='word_1_276' title='bbox 433 3067 493 3135; x_wconf 82' lang='lat' dir='ltr'>Lys.</span> <span class='ocrx_word' id='word_1_277' title='bbox 513 3070 537 3131; x_wconf 87' lang='lat'>3,</span> <span class='ocrx_word' id='word_1_278' title='bbox 556 3071 579 3120; x_wconf 87' lang='lat'>5.</span> <span class='ocrx_word' id='word_1_279' title='bbox 617 3067 650 3118; x_wconf 86' lang='lat' dir='ltr'>Se</span> <span class='ocrx_word' id='word_1_280' title='bbox 668 3072 757 3117; x_wconf 79' lang='lat' dir='ltr'>tenere</span> <span class='ocrx_word' id='word_1_281' title='bbox 774 3065 837 3116; x_wconf 86' lang='lat' dir='ltr'>wird</span> <span class='ocrx_word' id='word_1_282' title='bbox 855 3065 902 3116; x_wconf 90' lang='lat' dir='ltr'>mit</span> <span class='ocrx_word' id='word_1_283' title='bbox 919 3066 976 3117; x_wconf 89' lang='lat' dir='ltr'>dem</span> <span class='ocrx_word' id='word_1_284' title='bbox 996 3065 1099 3117; x_wconf 89' lang='lat' dir='ltr'>blossen</span> <span class='ocrx_word' id='word_1_285' title='bbox 1116 3065 1220 3117; x_wconf 80' lang='lat' dir='ltr'>abhttv</span> 
     </span>
     <span class='ocr_line' id='line_1_34' title="bbox 150 3133 1221 3198; baseline -0.003 -11"><span class='ocrx_word' id='word_1_286' title='bbox 150 3135 195 3188; x_wconf 90' lang='lat' dir='ltr'>des</span> <span class='ocrx_word' id='word_1_287' title='bbox 213 3134 271 3187; x_wconf 87' lang='lat' dir='ltr'>Orts</span> <span class='ocrx_word' id='word_1_288' title='bbox 290 3134 444 3187; x_wconf 87' lang='lat' dir='ltr'>verbunden.</span> <span class='ocrx_word' id='word_1_289' title='bbox 464 3165 493 3174; x_wconf 88' lang='lat'>-</span> <span class='ocrx_word' id='word_1_290' title='bbox 512 3151 623 3187; x_wconf 78' lang='lat' dir='ltr'>suentem</span> <span class='ocrx_word' id='word_1_291' title='bbox 641 3134 690 3186; x_wconf 89' lang='lat' dir='ltr'>wie</span> <span class='ocrx_word' id='word_1_292' title='bbox 709 3134 798 3186; x_wconf 85' lang='lat' dir='ltr'>Chabr.</span> <span class='ocrx_word' id='word_1_293' title='bbox 818 3136 843 3198; x_wconf 81' lang='lat'>3,</span> <span class='ocrx_word' id='word_1_294' title='bbox 861 3136 886 3187; x_wconf 83' lang='lat'>4.</span> <span class='ocrx_word' id='word_1_295' title='bbox 905 3165 937 3173; x_wconf 96' lang='lat'>-</span> <span class='ocrx_word' id='word_1_296' title='bbox 957 3134 1060 3185; x_wconf 82' lang='lat' dir='ltr'>civilem</span> <span class='ocrx_word' id='word_1_297' title='bbox 1077 3134 1150 3187; x_wconf 76' lang='lat' dir='ltr'>‘dher</span> <span class='ocrx_word' id='word_1_298' title='bbox 1163 3133 1221 3185; x_wconf 85' lang='lat' dir='ltr'>blit-</span> 
     </span>
     <span class='ocr_line' id='line_1_35' title="bbox 150 3204 939 3256; baseline -0.003 -2"><span class='ocrx_word' id='word_1_299' title='bbox 150 3204 196 3255; x_wconf 81' lang='lat' dir='ltr'>hdr</span> <span class='ocrx_word' id='word_1_300' title='bbox 215 3205 258 3256; x_wconf 87' lang='lat' dir='ltr'>er&#39;.</span> <span class='ocrx_word' id='word_1_301' title='bbox 936 3241 939 3245; x_wconf 79' lang='lat'><strong>.</strong></span> 
     </span>
     <span class='ocr_line' id='line_1_36' title="bbox 197 3219 1219 3336; baseline -0.004 -12"><span class='ocrx_word' id='word_1_302' title='bbox 197 3219 244 3324; x_wconf 66' lang='lat' dir='ltr'>gd.</span> <span class='ocrx_word' id='word_1_303' title='bbox 262 3266 303 3321; x_wconf 78' lang='lat' dir='ltr'>ire</span> <span class='ocrx_word' id='word_1_304' title='bbox 322 3269 423 3333; x_wconf 78' lang='lat' dir='ltr'>infitias</span> <span class='ocrx_word' id='word_1_305' title='bbox 441 3269 601 3336; x_wconf 76' lang='lat' dir='ltr'>gebranohen</span> <span class='ocrx_word' id='word_1_306' title='bbox 619 3268 660 3320; x_wconf 91' lang='lat' dir='ltr'>die</span> <span class='ocrx_word' id='word_1_307' title='bbox 678 3268 782 3320; x_wconf 90' lang='lat' dir='ltr'>bessem</span> <span class='ocrx_word' id='word_1_308' title='bbox 801 3267 980 3320; x_wconf 86' lang='lat' dir='ltr'>Schriltsteller</span> <span class='ocrx_word' id='word_1_309' title='bbox 998 3266 1082 3331; x_wconf 87' lang='lat' dir='ltr'>nicht,</span> <span class='ocrx_word' id='word_1_310' title='bbox 1109 3267 1219 3321; x_wconf 83' lang='lat' dir='ltr'>sordem</span> 
     </span>
     <span class='ocr_line' id='line_1_37' title="bbox 151 3334 1220 3405; baseline 0 -16"><span class='ocrx_word' id='word_1_311' title='bbox 151 3341 273 3401; x_wconf 71' lang='lat' dir='ltr'>infitiata.</span> <span class='ocrx_word' id='word_1_312' title='bbox 308 3338 357 3390; x_wconf 88' lang='lat' dir='ltr'>Das</span> <span class='ocrx_word' id='word_1_313' title='bbox 375 3337 504 3405; x_wconf 79' lang='lat' dir='ltr'>Fulgende</span> <span class='ocrx_word' id='word_1_314' title='bbox 520 3337 554 3390; x_wconf 89' lang='lat' dir='ltr'>ist</span> <span class='ocrx_word' id='word_1_315' title='bbox 577 3336 647 3388; x_wconf 88' lang='lat' dir='ltr'>nicht</span> <span class='ocrx_word' id='word_1_316' title='bbox 671 3351 722 3387; x_wconf 89' lang='lat' dir='ltr'>von</span> <span class='ocrx_word' id='word_1_317' title='bbox 745 3334 889 3387; x_wconf 82' lang='lat' dir='ltr'>withlicher</span> <span class='ocrx_word' id='word_1_318' title='bbox 906 3335 1133 3403; x_wconf 80' lang='lat' dir='ltr'>Unterwiirligkeit</span> <span class='ocrx_word' id='word_1_319' title='bbox 1155 3336 1220 3389; x_wconf 83' lang='lat' dir='ltr'>The·</span> 
     </span>
     <span class='ocr_line' id='line_1_38' title="bbox 151 3402 1220 3472; baseline -0.001 -15"><span class='ocrx_word' id='word_1_320' title='bbox 151 3407 408 3469; x_wconf 81' lang='lat' dir='ltr'>benszuverstehn,</span> <span class='ocrx_word' id='word_1_321' title='bbox 428 3404 664 3470; x_wconf 76' lang='lat' dir='ltr'>sandaracham,</span> <span class='ocrx_word' id='word_1_322' title='bbox 690 3404 749 3456; x_wconf 88' lang='lat' dir='ltr'>dass</span> <span class='ocrx_word' id='word_1_323' title='bbox 772 3419 798 3456; x_wconf 90' lang='lat' dir='ltr'>es</span> <span class='ocrx_word' id='word_1_324' title='bbox 822 3402 930 3456; x_wconf 88' lang='lat' dir='ltr'>lremder</span> <span class='ocrx_word' id='word_1_325' title='bbox 954 3404 1108 3471; x_wconf 81' lang='lat' dir='ltr'>Hegemonie</span> <span class='ocrx_word' id='word_1_326' title='bbox 1131 3403 1220 3472; x_wconf 74' lang='lat' dir='ltr'>lolgte</span> 
     </span>
     <span class='ocr_line' id='line_1_39' title="bbox 153 3473 888 3541; baseline -0.001 -16"><span class='ocrx_word' id='word_1_327' title='bbox 153 3476 214 3527; x_wconf 81' lang='lat' dir='ltr'>hlso</span> <span class='ocrx_word' id='word_1_328' title='bbox 232 3477 344 3540; x_wconf 75' lang='lat' dir='ltr'>imperio</span> <span class='ocrx_word' id='word_1_329' title='bbox 363 3474 508 3541; x_wconf 77' lang='lat' dir='ltr'>‘Fdhrnng&#39;.</span> <span class='ocrx_word' id='word_1_330' title='bbox 526 3500 560 3510; x_wconf 92' lang='lat'><em>—</em></span> <span class='ocrx_word' id='word_1_331' title='bbox 577 3479 671 3524; x_wconf 82' lang='lat' dir='ltr'>contro</span> <span class='ocrx_word' id='word_1_332' title='bbox 690 3489 721 3523; x_wconf 84' lang='lat' dir='ltr'>ea</span> <span class='ocrx_word' id='word_1_333' title='bbox 740 3473 790 3523; x_wconf 89' lang='lat' dir='ltr'>wie</span> <span class='ocrx_word' id='word_1_334' title='bbox 806 3488 845 3540; x_wconf 89' lang='lat' dir='ltr'>pr.</span> <span class='ocrx_word' id='word_1_335' title='bbox 864 3476 888 3526; x_wconf 91' lang='grc'>6.</span> 
     </span>
    </p>
   </div>
   <div class='ocr_carea' id='block_1_6' title="bbox 610 3573 760 3625">
    <p class='ocr_par' dir='ltr' id='par_1_13' title="bbox 610 3573 760 3625">
     <span class='ocr_line' id='line_1_40' title="bbox 610 3573 760 3625; baseline -0.007 0"><span class='ocrx_word' id='word_1_336' title='bbox 610 3573 760 3625; x_wconf 78' lang='lat' dir='ltr'>Pecorrnas.</span> 
     </span>
    </p>
   </div>
   <div class='ocr_carea' id='block_1_7' title="bbox 152 3654 1220 3929">
    <p class='ocr_par' dir='ltr' id='par_1_14' title="bbox 152 3654 1220 3860">
     <span class='ocr_line' id='line_1_41' title="bbox 222 3654 1220 3725; baseline -0.006 -11"><span class='ocrx_word' id='word_1_337' title='bbox 222 3658 247 3714; x_wconf 90' lang='lat'>1.</span> <span class='ocrx_word' id='word_1_338' title='bbox 276 3662 298 3710; x_wconf 90' lang='lat' dir='ltr'>t.</span> <span class='ocrx_word' id='word_1_339' title='bbox 329 3659 409 3710; x_wconf 79' lang='lat' dir='ltr'>L&#39;eber</span> <span class='ocrx_word' id='word_1_340' title='bbox 435 3660 484 3712; x_wconf 90' lang='lat' dir='ltr'>den</span> <span class='ocrx_word' id='word_1_341' title='bbox 508 3659 609 3725; x_wconf 79' lang='lat' dir='ltr'>hirsaug</span> <span class='ocrx_word' id='word_1_342' title='bbox 632 3675 662 3711; x_wconf 87' lang='lat' dir='ltr'>zu</span> <span class='ocrx_word' id='word_1_343' title='bbox 686 3655 775 3708; x_wconf 91' lang='lat' dir='ltr'>Them.</span> <span class='ocrx_word' id='word_1_344' title='bbox 802 3663 823 3720; x_wconf 84' lang='lat' dir='ltr'>t,</span> <span class='ocrx_word' id='word_1_345' title='bbox 847 3661 869 3709; x_wconf 90' lang='lat' dir='ltr'>t.</span> <span class='ocrx_word' id='word_1_346' title='bbox 887 3685 921 3694; x_wconf 98' lang='lat'>—</span> <span class='ocrx_word' id='word_1_347' title='bbox 940 3658 1074 3707; x_wconf 77' lang='lat' dir='ltr'>tristoricis</span> <span class='ocrx_word' id='word_1_348' title='bbox 1092 3655 1147 3708; x_wconf 87' lang='lat' dir='ltr'>hier</span> <span class='ocrx_word' id='word_1_349' title='bbox 1163 3654 1220 3708; x_wconf 88' lang='lat' dir='ltr'>‘den</span> 
     </span>
     <span class='ocr_line' id='line_1_42' title="bbox 152 3722 1219 3793; baseline -0.007 -8"><span class='ocrx_word' id='word_1_350' title='bbox 152 3725 448 3793; x_wconf 79' lang='lat' dir='ltr'>Geschichtskundigen‘.</span> <span class='ocrx_word' id='word_1_351' title='bbox 484 3729 518 3781; x_wconf 86' lang='lat' dir='ltr'>So</span> <span class='ocrx_word' id='word_1_352' title='bbox 537 3727 625 3779; x_wconf 87' lang='lat' dir='ltr'>besser</span> <span class='ocrx_word' id='word_1_353' title='bbox 642 3724 816 3790; x_wconf 78' lang='lat' dir='ltr'>adjectivisch,</span> <span class='ocrx_word' id='word_1_354' title='bbox 835 3725 884 3776; x_wconf 86' lang='lat' dir='ltr'>wie</span> <span class='ocrx_word' id='word_1_355' title='bbox 902 3725 942 3775; x_wconf 88' lang='lat' dir='ltr'>hei</span> <span class='ocrx_word' id='word_1_356' title='bbox 961 3725 1011 3776; x_wconf 85' lang='lat' dir='ltr'>Cic.</span> <span class='ocrx_word' id='word_1_357' title='bbox 1031 3741 1056 3790; x_wconf 81' lang='lat' dir='ltr'>p.</span> <span class='ocrx_word' id='word_1_358' title='bbox 1074 3722 1138 3775; x_wconf 84' lang='lat' dir='ltr'>Mur.</span> <span class='ocrx_word' id='word_1_359' title='bbox 1153 3728 1177 3790; x_wconf 82' lang='grc'>7,</span> <span class='ocrx_word' id='word_1_360' title='bbox 1189 3728 1219 3778; x_wconf 81' lang='lat' dir='ltr'>ld</span> 
     </span>
     <span class='ocr_line' id='line_1_43' title="bbox 152 3792 1152 3860; baseline -0.013 -6"><span class='ocrx_word' id='word_1_361' title='bbox 152 3797 300 3853; x_wconf 74' lang='lat' dir='ltr'>inanitatibus</span> <span class='ocrx_word' id='word_1_362' title='bbox 319 3796 443 3847; x_wconf 76' lang='lat' dir='ltr'>litteratis</span> <span class='ocrx_word' id='word_1_363' title='bbox 460 3803 486 3848; x_wconf 87' lang='lat' dir='ltr'>et</span> <span class='ocrx_word' id='word_1_364' title='bbox 503 3798 646 3848; x_wconf 73' lang='lat' dir='ltr'>historicis.</span> <span class='ocrx_word' id='word_1_365' title='bbox 682 3793 788 3858; x_wconf 77' lang='lat' dir='ltr'>Vulgus</span> <span class='ocrx_word' id='word_1_366' title='bbox 805 3793 858 3846; x_wconf 90' lang='lat' dir='ltr'>‘das</span> <span class='ocrx_word' id='word_1_367' title='bbox 876 3808 964 3860; x_wconf 79' lang='lat' dir='ltr'>grosse</span> <span class='ocrx_word' id='word_1_368' title='bbox 982 3792 1152 3844; x_wconf 61' lang='lat' dir='ltr'>Publicnm’.1.</span> 
     </span>
    </p>

    <p class='ocr_par' dir='ltr' id='par_1_15' title="bbox 221 3859 1220 3929">
     <span class='ocr_line' id='line_1_44' title="bbox 221 3859 1220 3929; baseline -0.005 -12"><span class='ocrx_word' id='word_1_369' title='bbox 221 3864 302 3917; x_wconf 82' lang='lat' dir='ltr'>Cuius</span> <span class='ocrx_word' id='word_1_370' title='bbox 319 3864 351 3914; x_wconf 84' lang='lat' dir='ltr'>de</span> <span class='ocrx_word' id='word_1_371' title='bbox 369 3867 512 3916; x_wconf 75' lang='lat' dir='ltr'>virtutibus</span> <span class='ocrx_word' id='word_1_372' title='bbox 529 3866 669 3929; x_wconf 76' lang='lat' dir='ltr'>hingtvon</span> <span class='ocrx_word' id='word_1_373' title='bbox 688 3862 870 3929; x_wconf 78' lang='lat' dir='ltr'>cauponamab.</span> <span class='ocrx_word' id='word_1_374' title='bbox 897 3861 1016 3913; x_wconf 81' lang='lat' dir='ltr'>Virtutes</span> <span class='ocrx_word' id='word_1_375' title='bbox 1032 3859 1151 3929; x_wconf 82' lang='lat' dir='ltr'>wieLys.</span> <span class='ocrx_word' id='word_1_376' title='bbox 1164 3864 1186 3927; x_wconf 89' lang='lat'>1,</span> <span class='ocrx_word' id='word_1_377' title='bbox 1197 3863 1220 3912; x_wconf 88' lang='grc'>1.</span> 
     </span>
    </p>
   </div>
   <div class='ocr_carea' id='block_1_8' title="bbox 0 0 1300 4372">
    <p class='ocr_par' dir='ltr' id='par_1_16' title="bbox 0 0 1300 4372">
     <span class='ocr_line' id='line_1_45' title="bbox 0 0 1300 4372; baseline 0 0"><span class='ocrx_word' id='word_1_378' title='bbox 0 0 1300 4372; x_wconf 95' lang='lat' dir='ltr'> </span> 
     </span>
    </p>
   </div>
  </div>
 </body>
</html>
