2580 4372
123 165 166 227 58
538 169 611 222 l‘llll.
628 168 746 221 CONOX.
765 175 789 224 3.

93 352 235 403 tturum.
279 342 337 413 Qui
360 352 551 421 posteaquam
574 343 694 402 domum
716 362 733 402 a
754 343 817 403 suis
839 342 952 402 cirihus
967 352 1124 403 revocatus
1147 354 1203 418 est,

88 486 92 491 ,
125 428 203 507 quod
224 427 339 486 boemii
361 438 390 486 et
413 428 608 487 Athenienses
629 428 868 488 Lacedaemoniis
888 427 998 487 bellum
1020 427 1203 493 indixerant.

124 513 228 573 Conon
244 511 337 571 nihilo
352 513 444 572 setius
459 514 536 591 apud
552 515 718 591 praefectos
733 514 812 591 regis
827 512 997 572 versabatur
1010 512 1121 591 hisque
1136 533 1201 573 om·

124 598 212 658 nibus
226 616 333 675 magno
349 605 412 656 erat
427 598 503 657 usui.
1188 614 1193 620 ·

90 678 109 739 3
210 682 399 742 ltelccerata
427 701 496 760 rege
519 682 749 760 Tissaphernes.
779 701 876 760 neque
906 682 936 740 id
964 692 1023 741 tam
1046 683 1200 742 Artaxerxi

124 787 212 846 quam
227 768 334 828 ceteris
348 777 411 827 erat
425 776 568 846 apertum.
591 767 693 828 llultis
707 768 787 827 enim
802 768 977 845 magnisque
990 767 1107 828 meritis
1121 767 1202 846 apud

125 871 239 930 regem,
262 853 347 912 etiam
370 870 437 911 cum
461 853 491 911 in
514 853 610 912 alticio
633 871 694 913 non
716 863 862 913 maneret.
886 852 1005 912 valebat.
1043 851 1151 930 Neque
1171 853 1201 912 id

123 938 300 1010 mirandum,
316 937 340 996 si
358 955 418 996 non
433 937 518 997 lacile
533 937 570 996 ad
585 938 764 998 credendum
778 937 987 1009 adducebatur,
1001 937 1202 998 reminiscens

92 1022 187 1082 ‘teins
203 1041 235 1083 se
250 1040 341 1101 opera
356 1021 464 1101 Cyrum
479 1023 599 1082 lratrem
615 1042 780 1101 superasse.
811 1022 908 1082 Huius
932 1023 1090 1082 accusandi
1106 1023 1201 1100 gratia

124 1106 226 1168 Conon
250 1126 265 1166 a
288 1106 476 1167 Pharnabazo
499 1107 534 1166 ad
557 1126 657 1185 regem
679 1109 787 1168 missus
810 1118 1001 1186 posteaquam
1022 1107 1113 1179 venit,
1136 1108 1201 1186 pri-

123 1212 203 1252 mum
220 1212 255 1252 ex
270 1210 352 1252 more
367 1192 523 1252 Persarum
538 1192 574 1251 ad
590 1192 798 1265 chiliarchum,
821 1193 872 1270 qui
893 1191 1058 1252 secundum
1073 1193 1200 1270 gradum

123 1277 240 1355 imperii
255 1277 382 1348 tenebat,
398 1278 616 1351 Tithrausten
639 1279 763 1337 accessit
778 1296 870 1356 seque
892 1277 1020 1338 ostendit
1034 1295 1105 1336 cum
1128 1296 1201 1355 rege

93 1370 108 1421 3
123 1361 253 1440 colloqui
268 1362 351 1421 velle.
382 1361 473 1422 Nemo
489 1362 569 1422 enim
584 1362 648 1422 sine
665 1364 721 1422 hoc
735 1362 907 1424 admittitur.
938 1361 1014 1421 Huic
1036 1361 1086 1422 ille
1101 1362 1200 1437 ll'ulla,

123 1447 235 1525 inquit,
259 1464 340 1506 mora
356 1455 416 1519 est;
440 1448 491 1508 sed
507 1456 538 1505 tu
554 1447 698 1521 delibera,
723 1457 822 1508 utrum
838 1447 967 1524 colloqui
982 1446 1066 1506 malis
1081 1466 1119 1507 an
1143 1466 1202 1526 per

121 1530 233 1592 litteras
247 1549 343 1609 agere,
360 1549 435 1608 quae
451 1531 572 1608 cogitas.
596 1532 723 1592 Necesse
739 1541 784 1593 est
798 1534 888 1603 enim,
912 1533 937 1592 si
953 1532 983 1591 in
1000 1542 1199 1610 conspectum

121 1616 245 1691 veneris,
262 1616 393 1677 venerati
408 1625 437 1677 te
452 1633 553 1693 regem
569 1611 663 1697 (quod
679 1615 909 1702 προσκύνησιν
925 1617 966 1676 1111
981 1621 1109 1691 vocant).
1133 1617 1200 1678 Hoc

121 1702 147 1763 si
163 1701 214 1762 tihi
230 1720 316 1780 grave
333 1710 393 1779 est,
416 1721 470 1781 per
485 1714 536 1762 me
554 1702 647 1762 nihilo
663 1704 756 1764 setius
777 1703 863 1763 editis
877 1702 1021 1763 mandatis
1044 1703 1198 1776 conficies,

92 1787 202 1865 tquocl
229 1787 338 1848 studes.
376 1786 453 1847 'lum
477 1784 580 1847 Conon
603 1787 675 1847 lllihi
696 1807 781 1862 vero,
809 1788 921 1866 inquit,
951 1805 1011 1848 non
1038 1795 1083 1847 est
1109 1805 1199 1864 grave

122 1871 254 1949 quemvis
268 1871 412 1931 honorem
427 1871 536 1932 hahere
552 1873 630 1949 regi3
653 1873 705 1932 sed
726 1891 845 1954 vereor,
868 1891 906 1933 ne
928 1872 1035 1932 civitati
1060 1891 1144 1933 meae
1159 1873 1199 1933 sit

188 2001 271 2054 Uellei
287 2002 438 2068 praefectos
456 2018 488 2052 zu
505 2003 553 2069 Ag.
573 2007 598 2069 2,
616 2007 640 2057 3.

189 2066 216 2126 3,
238 2074 259 2122 t.
279 2074 308 2120 in
326 2070 416 2131 officio
435 2086 490 2120 non
507 2079 628 2122 maneret
644 2074 680 2123 ‘er
697 2071 780 2123 seiner
792 2072 883 2123 Pssicht
902 2075 971 2126 nicht
990 2075 1198 2127 1000111011.-

120 2138 226 2189 oalehat
242 2141 278 2189 ‘er
296 2138 367 2188 hatte
384 2138 440 2189 eine
463 2139 549 2190 starke
566 2140 698 2206 Stellung’.
716 2169 748 2177 —
767 2141 927 2192 mirandum.
964 2142 1046 2193 Ueber
1070 2143 1117 2195 das
1140 2143 1198 2196 feh-

120 2205 196 2258 tende
214 2212 253 2256 ert
270 2222 300 2256 zu
319 2205 407 2257 Them.
427 2210 450 2269 5,
470 2210 492 2259 3.
510 2237 545 2244 —
563 2224 645 2274 opera
662 2209 713 2260 wie
729 2209 784 2260 Ale.
803 2211 827 2274 4,
846 2213 869 2259 1.

119 2342 151 2394 Al
191 2272 277 2395 gyros
303 2276 418 2340 empdrte
444 2274 499 2325 sich
525 2278 573 2327 401
603 2293 626 2328 v.
655 2277 698 2329 Ch.
724 2291 806 2345 gegen
832 2277 920 2329 seinen
938 2277 1042 2330 Bmder.
1077 2278 1137 2345 l'gl.
1164 2295 1198 2331 zu

153 2357 174 2395 0.
210 2346 258 2407 ,5.

119 2478 135 2529 d
171 2413 212 2531 kb
231 2411 268 2461 ad
284 2425 373 2476 regem
393 2410 484 2476 gehdrt
501 2427 533 2463 zu
551 2415 658 2477 miratos,
682 2415 715 2464 ist
736 2415 797 2466 aher
819 2414 884 2464 auch
903 2429 935 2464 zu
953 2419 1026 2463 venit
1047 2414 1146 2466 wieder
1164 2432 1197 2467 zu

137 2495 169 2533 en
188 2494 229 2532 en.

189 2547 366 2610 chiliarchos,
390 2546 431 2597 die
455 2547 611 2613 griechische
636 2547 793 2614 Benennung
817 2547 993 2616 (χιλίαρχος),
1011 2549 1059 2615 013.
1078 2549 1196 2603 Belehls·

120 2614 198 2667 haber
215 2630 266 2666 von
294 2617 365 2666 1000.
401 2612 436 2664 So
464 2615 534 2665 stark
561 2629 614 2665 war
637 2615 747 2667 01011011
773 2617 814 2667 die
841 2616 946 2668 niehste
968 2617 1120 2669 Leihwuche
1149 2619 1195 2672 des

119 2682 225 2749 1100130,
242 2680 283 2732 010
302 2680 513 2732 wahrsoheinlich
531 2686 605 2733 unter
622 2683 718 2734 seinern
736 2683 826 2735 Befehl
849 2685 933 2737 stand.
967 2686 995 2737 ln
1013 2685 1197 2739 Wirltlichkeit

120 2764 173 2802 war
191 2764 218 2800 cr
235 2748 279 2800 der
296 2752 363 2800 erste
379 2747 493 2800 Minister
510 2749 572 2801 oder
588 2750 756 2802 Grossiezier.

186 2817 332 2867 seeundum
354 2817 472 2880 gradum
494 2820 602 2881 imperit
624 2818 673 2869 ‘die
695 2818 1119 2885 000110810110101101011’1013.
1139 2821 1195 2873 ‘der

119 2884 639 3004 111011000οἰ111-00100010101001110002
657 2915 691 2924 -—
710 2889 766 2952 hoo,
786 2887 921 2939 Neutrum:
941 2887 1113 2955 dielilleldung
1124 2888 1195 2942 heim

130 2953 227 3004 'iiarc
247 2967 286 3003 en.

188 3022 212 3073 3.
238 3019 322 3070 Nullo
345 3036 421 3070 mora
446 3025 484 3070 001
505 3022 541 3072 ‘es
565 3020 633 3071 kann
658 3022 772 3088 00310100
790 3023 951 3088 geschehen'.
970 3052 1004 3060 —
1020 3040 1070 3088 per·
1088 3024 1194 3076 litterar

118 3087 283 3141 ‘scluiltlicli’.
300 3116 335 3125 -
353 3088 769 3156 0031101100010101111301,01101.
790 3107 877 3156 ogere.
904 3092 1194 3144 Ehensountenstmtes

118 3156 278 3221 (conficeret.
297 3185 328 3193 -
347 3159 471 3207 venerari
487 3157 633 3224 ί10001003
651 3160 791 3210 erweisen'.

187 3224 412 3291 qood--voeont
454 3223 616 3292 Bemerltung
642 3224 687 3277 des
714 3227 808 3294 Nepos.
844 3227 889 3276 tttt
916 3225 1030 3277 kdnnten
1058 3225 1116 3277 deni
1142 3227 1193 3278 Zu-

118 3291 315 3371 oominenliange
334 3291 399 3342 nach
418 3306 465 3341 nur
482 3291 523 3343 die
532 3292 621 3344 Persei
639 3295 807 3347 bezeichnen:
826 3309 853 3345 es
872 3293 928 3345 sind
946 3293 1192 3347 aherdieGriechen

117 3362 237 3479 {emunt
264 3359 309 3411 1110
327 3357 508 3425 προσκύνησις
526 3360 632 3412 hestand
649 3363 683 3413 im
702 3362 888 3415 Niederwerlen
908 3362 954 3412 aul
968 3362 1014 3413 das
1030 3361 1127 3413 Antlitz
1138 3364 1192 3415 und

141 3431 216 3480 cisson
235 3428 279 3479 des
298 3426 407 3480 Bodens.
433 3427 516 3480 Ueber
534 3430 606 3494 qood
622 3445 653 3480 zo
672 3430 746 3483 Paus.
765 3434 789 3496 3,
808 3435 831 3483 6.

186 3512 235 3561 per
252 3511 292 3545 me
311 3495 360 3545 wie
377 3496 431 3547 Alc.
451 3501 475 3559 5,
494 3502 508 3548 -1
526 3514 576 3563 per
601 3496 807 3564 Thrasybulum.
842 3498 940 3551 constr.
960 3498 1037 3548 editis
1054 3499 1191 3548 inundatis

118 3563 203 3614 rn'hilo
221 3566 302 3613 setim
319 3579 368 3628 per
393 3580 433 3616 me
451 3565 582 3629 conficies.
619 3565 750 3616 illandata
768 3568 848 3619 heisst
865 3568 941 3630 alles,
959 3580 1013 3616 was
1031 3566 1191 3619 0100010010

117 3630 219 3683 Andern
243 3631 419 3683 auszurichten
445 3633 513 3699 gibt:
541 3634 595 3685 hier
618 3634 674 3684 eine
698 3650 747 3684 von
767 3636 849 3687 einem
867 3636 961 3688 andern
979 3649 1011 3684 au
1030 3633 1187 3686 bestellende

117 3698 266 3819 Erlltl't'uung.
302 3699 452 3752 Uebersetze
477 3703 564 3753 ‘wenn
589 3700 623 3752 du
647 3701 703 3753 eine
726 3702 880 3756 sohriltliohe
901 3702 1042 3769 Erkliirung
1068 3717 1120 3752 von
1147 3701 1187 3753 dir

134 3767 202 3819 ist’.

116 3783 132 3835 g
185 3838 208 3888 4.
227 3851 289 3887 vero
307 3835 496 3903 1010111130οὼ
516 3837 597 3902 ‘Nein,
616 3836 669 3887 mir'
688 3853 712 3888 u.
732 3854 752 3890 s.
771 3856 803 3891 w.
