2580 4372
453 164 528 218 xru.
546 163 729 219 Acasutus.
750 170 771 218 t.
790 169 814 220 2.
1100 161 1158 223 103
1193 134 1196 139 ’

90 335 211 397 rictoria
233 334 353 396 accidit:
382 354 448 395 nam
470 336 527 397 iam
548 338 703 400 inclinatae
726 349 809 400 erant
830 349 1023 418 tyrannorum
1049 338 1160 417 copiae.

90 421 156 492 Quo
179 422 257 482 facto
290 439 394 481 omues
420 419 586 483 Thessaliae
617 424 746 484 civitates
775 424 963 486 interfectum
993 423 1191 501 Pelopidam5

89 506 209 567 aaronis
229 505 328 567 aureis
349 512 379 566 ct
398 506 501 567 statuis
522 507 621 569 aencis
643 508 810 587 liberosque
832 509 896 569 eius
918 508 1011 569 multo
1027 527 1097 587 agro
1113 509 1162 569 do-

90 599 209 653 narunt.

463 705 536 758 llllll.
562 706 787 760 AGESILAUS.

178 794 337 854 Aeesmnus
358 791 608 854 Lacedaemonius
630 813 697 855 cum
719 813 734 854 a
757 795 863 856 ceteris
886 793 1082 874 scriptoribus
1099 801 1163 854 tum

93 878 198 939 eximie
213 877 437 954 allenophonte
454 877 604 938 Socratico
620 880 800 940 collaudatus
815 888 874 941 est:
892 898 926 939 eo
939 879 1018 940 enim
1033 897 1106 940 usus
1119 889 1163 939 est
1217 934 1219 938 .

92 962 324 1024 familiarissime.
369 961 424 1021 Hic
446 962 574 1040 primum
596 963 632 1024 de
654 982 745 1042 regno
768 983 835 1025 cum
851 963 1038 1043 Leotychide,
1065 964 1192 1025 lratris2

92 1048 163 1123 lilio,
179 1047 281 1108 habuit
296 1047 525 1106 contentionem.
548 1047 611 1107 llos
628 1048 706 1108 enim
722 1069 737 1109 a
753 1048 913 1109 maioribus
924 1048 1163 1110 Lacedaemoniis

92 1141 154 1193 erat
179 1132 318 1205 traditus,
347 1138 379 1190 ut
399 1131 473 1192 duos
494 1132 636 1193 haberent
663 1152 780 1212 semper
801 1151 902 1211 reges,
926 1133 1044 1194 nomine
1071 1135 1163 1212 magis

92 1236 180 1296 quam
195 1217 330 1295 imperio,
347 1234 382 1275 ex
393 1216 506 1276 duabus
521 1217 637 1278 familiis
649 1218 746 1278 Procli
758 1226 787 1278 et
798 1218 1003 1297 Eurysthenis
1016 1218 1067 1296 qui
1079 1218 1174 1297 prin-,y

92 1302 175 1380 cipes
196 1320 231 1361 ex
252 1300 395 1380 progenie
417 1300 553 1362 Herculis
574 1303 696 1381 Spartae
718 1321 803 1382 reges
825 1304 955 1363 suerunt.
993 1303 1106 1362 Horum
1129 1315 1193 1363 ext
1228 1311 1245 1319 ”

94 1386 184 1447 altera
206 1387 236 1447 in
259 1385 379 1446 alterius
401 1386 526 1447 familiae
548 1387 647 1448 locum
669 1388 732 1448 ficri
754 1407 815 1448 non
837 1387 952 1447 licebat.
982 1388 1024 1448 lta
1039 1395 1164 1466 utraque

91 1489 179 1532 suum
196 1470 340 1531 retinebat
355 1470 497 1531 ordinem.
524 1472 655 1532 Primum
671 1472 745 1533 ratio
760 1471 937 1544 habebatur,
954 1473 1005 1551 qui
1021 1473 1164 1533 maximus

93 1565 164 1617 natu
180 1562 258 1616 esset
272 1574 307 1615 ex
321 1554 422 1615 liberis
437 1557 510 1629 eius,
527 1557 577 1634 qui
593 1574 721 1634 regnans
738 1558 925 1630 decessissct3
950 1557 995 1617 sin
1011 1557 1036 1617 is
1051 1557 1164 1617 virilem

91 1658 196 1702 sexum
212 1659 273 1699 non
290 1639 466 1719 reliquisset,
482 1649 544 1700 tum
560 1641 751 1719 deligebatur,
768 1642 819 1720 qui
833 1643 986 1720 proximus
1002 1651 1079 1702 esset
1094 1660 1164 1720 pro·

92 1725 268 1805 pinquitate.
299 1724 434 1786 Mortuus
449 1734 512 1785 erat
528 1727 597 1804 Agis
613 1745 673 1799 rex,
695 1727 786 1787 frater
800 1726 935 1804 Agesilai.
966 1727 1071 1787 Filium
1094 1726 1163 1787 reli·
1179 1741 1195 1790 4

94 1818 198 1890 querat
222 1809 446 1888 Leotychidem,
473 1828 561 1888 quem
584 1811 632 1871 ille
657 1820 759 1872 natum
784 1830 845 1872 non
873 1819 1010 1889 agnorat3
1037 1812 1163 1872 eundem

92 1895 224 1956 moriens
239 1913 327 1955 suum
342 1912 407 1954 esse
429 1894 548 1956 dixerat.
579 1895 608 1956 ls
629 1895 665 1956 de
687 1897 801 1956 honore
823 1896 907 1973 regni
929 1912 997 1956 cum
1020 1897 1163 1974 Agesilao,

98 1989 203 2060 patruo
230 1998 300 2053 suo,
317 1980 469 2040 contendit
483 2000 587 2060 neque
602 1981 646 2055 id,
669 1982 749 2060 quod
772 1980 888 2060 petivit,
911 1988 1089 2042 consecutus
1111 1989 1164 2041 est.

92 2065 166 2125 Nam
180 2064 331 2144 Lysandro
347 2064 534 2144 suffragante,
550 2065 679 2140 homine,
690 2074 723 2126 ut
738 2066 919 2127 ostendimus
932 2085 1030 2146 supra,
1042 2066 1165 2127 factioso
1179 2080 1194 2129 5

92 2157 123 2211 et
138 2151 184 2210 his
197 2148 381 2227 temporibus
395 2159 525 2229 potente,
543 2151 695 2230 Agesilaus
710 2151 854 2213 antelatus
871 2159 923 2211 est.

179 2233 233 2294 llic
255 2233 431 2313 simulatque
453 2236 569 2317 imperii
589 2237 700 2315 potitus
722 2244 780 2311 est,
803 2235 949 2315 persuasit
969 2236 1198 2300 Lacedaemo-2

93 2318 168 2394 niis,
190 2329 223 2380 ut
246 2319 391 2380 exereitus
407 2323 574 2383 emitterent
589 2321 619 2381 in
636 2320 733 2381 Asiam
749 2318 917 2398 bellumque
939 2321 1001 2397 regi
1023 2322 1163 2395 facerent,

94 2403 206 2466 docens
222 2404 312 2465 satius
328 2423 393 2465 esse
414 2408 445 2468 in
470 2406 537 2468 Asia
558 2424 645 2483 quam
668 2405 698 2466 in
714 2406 833 2484 Europa
855 2404 995 2466 dimicari.
1032 2405 1164 2483 Namque

163 2544 185 2592 5.
206 2539 263 2603 Quo
281 2538 354 2600 facto
373 2539 494 2591 hierocl.

455 2637 459 2644 ·
556 2607 706 2660 Acrsrcnus

166 2673 190 2730 1.
213 2679 234 2726 1.
253 2692 268 2724 a
286 2674 468 2740 Xenophonte.
503 2673 528 2726 S.
547 2675 572 2729 d.
590 2676 654 2727 Einl.

164 2759 194 2794 eo
212 2758 277 2793 naue
295 2750 334 2794 est
351 2747 384 2794 ‘er
402 2744 471 2794 lebte
487 2744 532 2794 mit
550 2744 619 2795 ihm’.
636 2773 670 2782 -
688 2747 712 2796 2.
732 2749 790 2795 erat
809 2744 932 2796 traditur.
968 2742 1017 2794 Zur
1041 2742 1097 2795 Zeit
1121 2741 1165 2796 des

94 2810 181 2878 Nepos
199 2811 250 2877 gab
268 2826 296 2863 es
314 2810 389 2862 keine
406 2811 504 2878 llbnige
522 2812 600 2864 mehr.
986 2852 988 2855 .

95 2878 759 3014 ..tttttttitttttttl‘lbutt*tlt
772 2880 934 3000 didsad‘l
952 2879 1105 3000 lttffltl
1122 2879 1167 2932 (¹⁹³

501 2985 506 2996 ·
831 2986 836 2996 ·
880 2988 887 3010 2
931 2988 936 2997 ·
1018 2985 1024 2998 ·
1066 2987 1072 3011 r
1108 2976 1166 2998 ’““

94 3015 191 3066 Procl‘.
226 3015 373 3067 Nominetiv
390 3015 503 3066 Proclem

162 3088 188 3137 ὃ.
216 3083 261 3135 Ec
287 3084 374 3135 altero
397 3083 510 3147 (familia)
530 3086 639 3147 bomem,
665 3083 710 3135 des
734 3082 839 3134 Prokles
857 3081 909 3133 und
933 3081 1113 3149 Eurystheoes.
1133 3112 1164 3120 —

96 3149 172 3216 fieri,
198 3152 274 3202 naml.
303 3167 407 3216 regem:
434 3154 469 3203 ‘es
496 3167 527 3203 zu
546 3151 666 3205 werden'.
701 3150 780 3202 Beide
797 3149 894 3216 llbnige
917 3150 1009 3202 sollten
1033 3151 1103 3202 nicht
1121 3164 1166 3201 ans
1262 3190 1268 3199 .

95 3218 178 3270 ciuem
196 3219 281 3271 Hause
298 3220 361 3285 sein,
378 3235 407 3271 so
424 3220 500 3285 lange
518 3219 584 3271 noch
602 3218 703 3270 Glieder
719 3218 806 3270 beider
824 3219 919 3271 Hiiuser
937 3218 969 3269 da
987 3233 1080 3270 waren.

164 3290 428 3353 quimanimreanatu
441 3304 466 3338 u.
478 3303 499 3340 s.
510 3304 543 3340 w.
561 3287 684 3338 lndirecte
702 3287 794 3353 Frage;
813 3290 860 3352 qui
876 3287 926 3337 wie
944 3285 1032 3336 Them.
1051 3289 1074 3349 8,
1093 3289 1120 3338 0.
1134 3314 1166 3326 -

95 3353 142 3407 Die
160 3356 328 3419 Coniunctive
346 3355 503 3420 decessisset,
522 3355 679 3421 reliquisset,
690 3361 755 3405 esset
772 3355 847 3406 stehn
865 3353 1095 3404 wieoideretssim.
1107 3355 1165 3417 Aa.

39 3471 42 3475 .
163 3426 188 3474 4.
208 3426 256 3477 307
275 3440 301 3476 v.
320 3423 365 3475 Ch.
383 3452 416 3462 -
433 3430 527 3474 aarum
545 3423 710 3474 unmittelbar
727 3423 800 3487 nach,
818 3422 866 3472 wir
883 3421 935 3472 ‘bel
955 3421 1038 3473 seiner
1056 3421 1166 3476 Geburt’.
1242 3476 1244 3481 ,

94 3519 129 3530 -
147 3507 233 3556 neque
251 3491 300 3543 wie
317 3491 405 3544 'l’henn
427 3495 465 3555 10,
483 3495 507 3544 4.

164 3563 188 3612 5.
206 3560 376 3625 suffragante
394 3560 443 3610 wie
460 3558 516 3611 Alc.
534 3563 559 3624 5,
576 3562 600 3611 4.
618 3586 652 3595 -
669 3573 760 3623 supra.
791 3556 850 3623 Lys.
872 3560 892 3618 l,
912 3559 926 3607 3
945 3554 970 3607 ff.

165 3621 193 3682 2.
216 3631 236 3679 l.
255 3630 304 3680 306
324 3645 348 3680 r.
367 3627 411 3678 Cb.
446 3627 492 3678 Die
509 3625 705 3679 Laceddmonier
722 3624 821 3675 lrihrten
845 3624 925 3675 schon
943 3624 992 3676 seit
1009 3628 1059 3677 400
1078 3641 1102 3678 v.
1121 3625 1165 3678 oh.

95 3693 173 3762 llrieg
190 3695 216 3745 in
233 3696 312 3747 Asien
329 3696 375 3746 mit
392 3695 441 3746 den
458 3695 572 3747 Persem.
598 3694 626 3746 S.
643 3709 675 3743 zu
693 3692 753 3744 Gon.
772 3708 803 3743 zu
821 3691 1167 3759 unde-tmpmtpoutus

94 3768 139 3883 ᾔει
160 3763 209 3814 wie
235 3763 294 3831 Lys.
326 3767 346 3826 l,
373 3768 397 3816 A.
422 3790 454 3801 -
481 3765 614 3813 emercetur
645 3761 694 3812 wie
717 3759 804 3814 Them.
830 3763 853 3825 2,
877 3764 901 3813 5.
927 3790 958 3799 —
983 3763 1049 3826 regi.
1086 3760 1112 3812 S.
1136 3777 1167 3813 zu
1267 3775 1269 3780 ⁸

122 3829 160 3882 it.
178 3833 204 3895 l,
222 3834 247 3885 3.
