2580 4372
458 155 512 225 ιιι.
532 155 704 210 ιιιιοιιοιι.
726 161 748 210 1.
1082 160 1138 224 127

65 333 172 396 samin
187 333 315 408 iudici03
331 330 470 413 legitimis
485 329 661 409 quibusdam
677 332 819 394 confectis
835 333 999 407 damnatus,
1015 335 1139 397 traditus

65 428 110 480 est
123 418 344 494 undecimviris,
366 415 475 498 quihus
491 416 527 476 ad
541 415 722 494 supplicium
736 436 818 479 more
833 419 1060 482 Atheniensium
1081 440 1137 500 pu-

63 503 140 566 hlice
163 504 292 566 damnati
312 503 388 564 tradi
409 502 516 563 solent.
546 500 601 560 llic
617 519 683 561 cum
700 502 735 562 ad
749 511 874 564 mortem
891 504 1065 582 duceretur,
1088 506 1168 589 cha¹

62 589 128 651 vius
144 590 172 650 ei
184 589 243 650 suit
256 588 444 668 Euphiletus,
467 605 526 665 quo
549 585 731 647 familiariter
744 588 842 650 luerat
856 609 938 652 usus.
968 591 996 652 ls
1012 610 1079 653 cnm
1094 592 1136 653 la-

63 675 193 735 crimans
208 674 328 735 dixisset
343 673 367 735 0
384 690 472 752 quam
486 671 607 750 indigna
629 674 809 750 perpeteris,
830 675 978 737 Phocionl
1002 677 1073 737 huic
1087 677 1136 738 ille

63 761 104 822 At
128 778 189 821 non
210 759 378 839 inopinata,
394 757 505 836 inquit:
521 757 603 817 hunc
619 757 697 817 enim
712 758 823 820 exitum
845 761 980 841 plerique
996 763 1065 823 clari
1081 761 1135 822 viri

62 844 233 905 hahuerunt
247 845 454 907 Athenienses.
483 842 518 905 ln
533 843 591 903 hoc
605 849 720 903 tantum
735 844 791 905 fuit
806 845 907 906 odium
927 846 1137 922 multitudinis,
1151 855 1167 906 4

63 937 98 990 ut
113 948 200 991 nemo
216 941 306 991 ausus
320 930 359 991 sit
369 947 438 991 eum
448 927 524 989 liber
534 927 670 1006 sepelire.
694 928 795 1007 ltaque
807 949 822 991 a
835 931 926 992 servis
938 931 1072 1010 sepultus
1083 941 1136 994 est.

437 1043 492 1095 xx.
527 1043 761 1097 TlMOLEON.

150 1132 301 1193 Tmoneeu
317 1131 498 1194 Corinthius
529 1131 600 1193 Sine
615 1130 705 1191 dubio
727 1151 853 1212 magnus
875 1135 1007 1196 omnium
1026 1134 1136 1195 indicio

61 1217 112 1277 hic
126 1218 171 1277 vir
184 1217 303 1278 exstitit.
332 1217 465 1296 Namque
479 1217 550 1278 huic
565 1217 619 1277 uni
635 1216 767 1296 contigit,
785 1219 863 1298 qnod
880 1220 981 1281 nescio
996 1239 1034 1281 an
1050 1220 1134 1296 nulli,

61 1309 96 1362 ut
111 1311 140 1364 et
155 1302 287 1381 patriam,
304 1302 335 1363 in
350 1322 408 1381 qua
423 1313 486 1365 erat
499 1310 595 1378 natus,
618 1320 791 1381 oppressam
813 1324 830 1364 a
851 1311 976 1384 tyranno
997 1304 1136 1366 liberaret

61 1395 92 1448 et
106 1406 123 1447 a
138 1387 301 1467 Syracusis,
326 1389 435 1467 quihus
450 1387 558 1449 auxilio
575 1396 638 1449 erat
652 1387 769 1462 missus,
786 1389 843 1449 iam
859 1391 1048 1452 inveteratam
1071 1408 1134 1452 ser-

58 1470 183 1535 vitutem
198 1472 359 1552 depelleret
371 1482 522 1554 totamque
538 1472 666 1559 Sicilinm
681 1473 791 1534 multos
806 1493 900 1536 annos
914 1475 991 1537 bello
1006 1483 1135 1536 vexatam

60 1557 284 1635 aharbarisqne
306 1577 478 1638 oppressam
501 1578 556 1620 sno
579 1559 704 1618 adventu
726 1559 757 1619 in
779 1560 940 1638 pristinum
954 1561 1132 1622 restitueret.

59 1641 119 1704 Sed
134 1642 165 1702 in
181 1643 228 1703 his
242 1642 332 1704 rebus
347 1663 408 1705 non
425 1644 552 1724 simplici
566 1644 685 1704 fortuna
701 1643 886 1707 conflictatus
902 1654 946 1706 est
962 1654 999 1720 et,
1011 1645 1041 1706 id
1054 1644 1162 1723 quedl

59 1726 208 1788 dilllcilius
229 1735 359 1806 putatur,
381 1730 475 1791 multo
490 1728 652 1808 sapientius
672 1729 741 1789 tulit
756 1731 915 1791 secundam
930 1749 1018 1809 qnam
1032 1730 1133 1791 adver-

58 1830 123 1873 sam
136 1813 295 1873 fortunam.
768 1886 770 1890 ι

145 1898 218 1958 Nam
234 1916 301 1960 cum
315 1899 406 1960 frater
421 1899 485 1961 eius
494 1897 702 1978 Timophanes,
720 1899 778 1960 dux
793 1919 809 1959 a
822 1897 981 1961 Corinthiis
992 1900 1133 1975 delectus,
1148 1908 1163 1959 3

58 1983 247 2064 tyrannidem
267 2003 322 2063 per
342 1984 450 2046 milites
475 1984 698 2045 mercennarios
725 1992 899 2064 occupasset
926 1986 1134 2065 particepsque

129 2151 329 2217 interdictum
347 2151 405 2202 dem
423 2151 532 2213 Gericht,
550 2151 662 2203 welches
680 2151 832 2218 abgehalten
848 2153 944 2205 wurde.

56 2287 100 2338 ‘b
130 2219 256 2338 leplitimir
284 2221 442 2286 quidusdam
469 2220 561 2286 ‘einige
590 2219 744 2286 gesetzliche
770 2221 971 2282 Formalitiiten’;
1001 2221 1132 2283 conficere

65 2302 157 2339 amac
176 2289 225 2339 en'.

128 2354 174 2407 Die
199 2355 290 2406 Worte
312 2355 349 2405 nd
373 2355 536 2421 supplicium
562 2370 635 2405 more
663 2354 863 2405 Atheniensium
888 2356 994 2422 publice
1020 2355 1132 2423 geheren

57 2423 204 2477 simmtllch
221 2439 255 2475 zu
273 2424 353 2474 tradi.
394 2423 504 2474 Publice
527 2422 561 2473 ‘in
585 2423 652 2474 ihrer
675 2423 811 2474 amtlichen
830 2422 1009 2490 lligenschalt'.
1044 2422 1131 2490 Nepos

56 2493 104 2544 hat
120 2491 259 2544 besonders
285 2490 439 2543 bezeichnen
466 2489 569 2555 wellen,
595 2490 654 2543 dass
681 2490 722 2542 die
739 2490 883 2544 Eliminner
910 2491 1067 2544 crdentliche
1084 2492 1132 2544 Be·

56 2563 127 2613 amte
144 2574 238 2612 waren.
274 2559 380 2610 Publice
397 2559 499 2612 hezieht
516 2559 570 2610 sich
588 2559 703 2610 ziemlich
722 2559 759 2611 olt
776 2559 847 2611 nicht
864 2560 910 2611 aul
924 2559 982 2623 den,
999 2574 1051 2610 von
1069 2559 1132 2611 wel-

56 2628 132 2680 chem
150 2631 231 2681 etwas
250 2626 368 2695 ansgeht‚
393 2628 503 2680 sondern
528 2628 575 2679 aul
594 2627 655 2692 den,
682 2626 797 2680 welchen
824 2643 852 2679 es
878 2628 982 2681 henim.
1016 2627 1062 2678 nie
1079 2627 1130 2678 Ell-

55 2698 163 2750 mimner
180 2692 219 2756 (οἱ
235 2690 340 2761 ἕνδεκα)
356 2695 446 2748 hatten
463 2694 584 2761 obrigens
602 2710 650 2747 nur
667 2696 707 2746 hir
724 2694 765 2748 die
782 2695 951 2763 Hierichtung
975 2711 1006 2747 ιιι
1030 2710 1132 2763 sorgen,
1170 2721 1173 2728 ν

56 2764 157 2818 welche
174 2764 254 2816 selbst
271 2762 350 2815 durch
368 2763 470 2817 llenher
487 2763 636 2831 ausgehihrt
653 2763 748 2815 wurde.

128 2835 152 2885 3.
177 2831 269 2894 fuerat
293 2848 359 2883 erne
384 2832 434 2884 wie
457 2833 504 2898 Ag.
532 2835 559 2896 l,
586 2835 608 2883 l.
632 2861 666 2872 -
690 2833 760 2884 clari
783 2835 837 2882 viri
854 2832 904 2883 wie
921 2831 995 2884 Paus.
1015 2834 1039 2896 3,
1059 2834 1082 2884 7.
1098 2859 1130 2869 -

56 2899 525 2966 4.1ntoewietlc.3‚5ineo.

521 2982 661 3035 Tmounon.

128 3067 299 3126 1.1.1Jeoer
322 3069 371 3121 den
388 3068 491 3187 dnfanp
515 3067 653 3119 culhem.
674 3070 738 3131 1,1.
762 3095 792 3104 —-
823 3066 886 3118 Sine
910 3068 990 3117 dubia
1013 3080 1127 3132 magnete

53 3138 117 3201 sind·
132 3137 329 3204 adverbium,
346 3136 479 3190 ‘unzweife
490 3136 545 3188 han
562 3137 652 3202 gross'.
671 3163 703 3173 —
722 3137 826 3186 exstitit
844 3135 936 3202 ‘zeigte
951 3133 1025 3186 sich'.

125 3210 215 3258 nescio
242 3222 278 3257 an
304 3206 339 3259 ist
369 3206 459 3258 immer
489 3204 637 3286 affirmatis:
672 3202 773 3270 ‘glaube
805 3202 864 3257 ich’.
909 3202 967 3255 llier
996 3202 1129 3254 ubersetze

52 3275 162 3329 ‘melnes
179 3274 312 3329 Wissens'.

120 3345 253 3409 patriam,
270 3345 299 3393 in
316 3357 370 3406 qna
390 3347 450 3392 crat
465 3347 554 3406 natue,
571 3339 641 3392 steht
658 3339 754 3392 seinem
763 3335 1127 3405 AdoptivvaterlandSyrccus

51 3411 210 3482 gegenrlber.
244 3409 270 3462 S.
288 3426 310 3462 c.
329 3413 353 3473 3,
371 3412 396 3461 l.
414 3437 447 3447 -
465 3425 482 3460 a
500 3415 618 3476 tyranno
637 3408 728 3475 gehdrt
745 3422 777 3458 ιιι
795 3422 956 3473 oppressam.
1195 3410 1200 3421 “

123 3482 148 3532 l.
165 3494 221 3531 non
237 3478 355 3545 simplici
371 3476 485 3538 fortuna
501 3477 581 3528 ‘nicht
598 3475 645 3529 mit
671 3475 812 3528 einfachem
830 3473 971 3537 Geschich’,
996 3471 1021 3524 d.
1039 3472 1065 3525 h.
1082 3473 1129 3525 mit

50 3548 114 3603 sehr
129 3545 350 3625 verschiedenem..
382 3544 525 3611 Eigentlich
542 3543 608 3596 wird
626 3546 844 3623 conflictantem
866 3558 925 3595 vom
944 3540 1065 3660 llnplirck
1083 3557 1127 3620 ge·

50 3619 123 3685 aaut„
139 3615 227 3669 indess
244 3613 308 3668 wird
325 3614 388 3679 hier,
406 3614 455 3666 wie
473 3614 520 3667 das
536 3610 666 3681 Fulgende
683 3616 760 3692 zergt,
777 3610 841 3662 auch
860 3611 905 3664 das
923 3610 986 3663 Gluc
1022 3608 1060 3662 als
1071 3625 1128 3662 eme

49 3683 225 3776 Versuchpng
241 3682 392 3736 benachtet.
427 3681 579 3737 Uebersetze
597 3679 695 3733 ‘uurde
713 3679 896 3746 hermgesucht'
916 3677 977 3731 oder
1000 3677 1080 3733 ‘hatte
1097 3694 1129 3730 ιιι

45 3751 214 3875 migilhm
233 3821 283 3872 364
300 3834 324 3870 r.
344 3816 389 3869 Ch.
