<?xml version="1.0" encoding="UTF-8"?>
<!DOCTYPE html PUBLIC "-//W3C//DTD XHTML 1.0 Transitional//EN"
    "http://www.w3.org/TR/xhtml1/DTD/xhtml1-transitional.dtd">
<html xmlns="http://www.w3.org/1999/xhtml" xml:lang="en" lang="en">
 <head>
  <title>
</title>
<meta http-equiv="Content-Type" content="text/html;charset=utf-8" />
  <meta name='ocr-system' content='tesseract 3.04.00' />
  <meta name='ocr-capabilities' content='ocr_page ocr_carea ocr_par ocr_line ocrx_word'/>
</head>
<body>
  <div class='ocr_page' id='page_1' title='image "./corneliusnepos01nepogoog_0171.png"; bbox 0 0 2580 4372; ppageno 0'>
   <div class='ocr_carea' id='block_1_1' title="bbox 415 129 1128 201">
    <p class='ocr_par' dir='ltr' id='par_1_1' title="bbox 415 129 1128 201">
     <span class='ocr_line' id='line_1_1' title="bbox 415 129 1128 201; baseline 0.014 -20"><span class='ocrx_word' id='word_1_1' title='bbox 415 196 418 201; x_wconf 87' lang='lat'><em>.</em></span> <span class='ocrx_word' id='word_1_2' title='bbox 439 130 515 184; x_wconf 81' lang='lat' dir='ltr'>xxu</span> <span class='ocrx_word' id='word_1_3' title='bbox 533 129 680 184; x_wconf 75' lang='lat' dir='ltr'>arucus.</span> <span class='ocrx_word' id='word_1_4' title='bbox 703 134 741 184; x_wconf 84' lang='lat' dir='ltr'>ro.</span> <span class='ocrx_word' id='word_1_5' title='bbox 1070 130 1128 191; x_wconf 83' lang='lat'>165</span> 
     </span>
    </p>
   </div>
   <div class='ocr_carea' id='block_1_2' title="bbox 51 302 1236 2176">
    <p class='ocr_par' dir='ltr' id='par_1_2' title="bbox 51 302 1236 2176">
     <span class='ocr_line' id='line_1_2' title="bbox 51 302 1159 384; baseline 0.002 -19"><span class='ocrx_word' id='word_1_6' title='bbox 51 302 280 366; x_wconf 80' lang='lat' dir='ltr'>familiaritatem</span> <span class='ocrx_word' id='word_1_7' title='bbox 296 302 446 364; x_wconf 80' lang='lat' dir='ltr'>Ciceronis</span> <span class='ocrx_word' id='word_1_8' title='bbox 462 310 490 363; x_wconf 91' lang='lat' dir='ltr'>et</span> <span class='ocrx_word' id='word_1_9' title='bbox 511 303 605 363; x_wconf 91' lang='lat' dir='ltr'>Bruti.</span> <span class='ocrx_word' id='word_1_10' title='bbox 642 304 743 380; x_wconf 80' lang='lat' dir='ltr'>ltaque</span> <span class='ocrx_word' id='word_1_11' title='bbox 765 303 801 363; x_wconf 93' lang='lat' dir='ltr'>ad</span> <span class='ocrx_word' id='word_1_12' title='bbox 823 304 979 366; x_wconf 86' lang='lat' dir='ltr'>adventum</span> <span class='ocrx_word' id='word_1_13' title='bbox 1002 306 1159 384; x_wconf 84' lang='lat' dir='ltr'>impera-2</span> 
     </span>
     <span class='ocr_line' id='line_1_3' title="bbox 51 389 1130 470; baseline 0.001 -20"><span class='ocrx_word' id='word_1_14' title='bbox 51 398 153 451; x_wconf 90' lang='lat' dir='ltr'>torum</span> <span class='ocrx_word' id='word_1_15' title='bbox 185 390 221 450; x_wconf 91' lang='lat' dir='ltr'>de</span> <span class='ocrx_word' id='word_1_16' title='bbox 246 391 310 449; x_wconf 85' lang='lat' dir='ltr'>foro</span> <span class='ocrx_word' id='word_1_17' title='bbox 332 389 512 462; x_wconf 81' lang='lat' dir='ltr'>decesserat,</span> <span class='ocrx_word' id='word_1_18' title='bbox 539 389 647 449; x_wconf 86' lang='lat' dir='ltr'>timens</span> <span class='ocrx_word' id='word_1_19' title='bbox 675 389 934 467; x_wconf 89' lang='lat' dir='ltr'>proscriptionem,</span> <span class='ocrx_word' id='word_1_20' title='bbox 963 390 1130 470; x_wconf 87' lang='lat' dir='ltr'>latebatque</span> 
     </span>
     <span class='ocr_line' id='line_1_4' title="bbox 52 473 1130 555; baseline 0 -18"><span class='ocrx_word' id='word_1_21' title='bbox 52 477 132 555; x_wconf 89' lang='lat' dir='ltr'>apud</span> <span class='ocrx_word' id='word_1_22' title='bbox 147 475 180 535; x_wconf 95' lang='lat' dir='ltr'>P.</span> <span class='ocrx_word' id='word_1_23' title='bbox 197 474 403 546; x_wconf 91' lang='lat' dir='ltr'>Volumnium,</span> <span class='ocrx_word' id='word_1_24' title='bbox 426 474 491 548; x_wconf 92' lang='lat' dir='ltr'>cui,</span> <span class='ocrx_word' id='word_1_25' title='bbox 507 481 541 533; x_wconf 89' lang='lat' dir='ltr'>ut</span> <span class='ocrx_word' id='word_1_26' title='bbox 555 473 754 549; x_wconf 83' lang='lat' dir='ltr'>ostendimus,</span> <span class='ocrx_word' id='word_1_27' title='bbox 776 475 865 553; x_wconf 87' lang='lat' dir='ltr'>paulo</span> <span class='ocrx_word' id='word_1_28' title='bbox 887 483 956 536; x_wconf 90' lang='lat' dir='ltr'>ante</span> <span class='ocrx_word' id='word_1_29' title='bbox 979 494 1067 554; x_wconf 89' lang='lat' dir='ltr'>opem</span> <span class='ocrx_word' id='word_1_30' title='bbox 1084 484 1130 538; x_wconf 92' lang='lat' dir='ltr'>tu-</span> 
     </span>
     <span class='ocr_line' id='line_1_5' title="bbox 53 557 1129 643; baseline -0.001 -22"><span class='ocrx_word' id='word_1_31' title='bbox 53 561 129 622; x_wconf 86' lang='lat' dir='ltr'>lerat</span> <span class='ocrx_word' id='word_1_32' title='bbox 145 557 240 643; x_wconf 87' lang='lat' dir='ltr'>(tanta</span> <span class='ocrx_word' id='word_1_33' title='bbox 265 559 389 620; x_wconf 86' lang='lat' dir='ltr'>varietas</span> <span class='ocrx_word' id='word_1_34' title='bbox 404 558 451 618; x_wconf 91' lang='lat' dir='ltr'>bis</span> <span class='ocrx_word' id='word_1_35' title='bbox 466 559 650 638; x_wconf 86' lang='lat' dir='ltr'>temporibus</span> <span class='ocrx_word' id='word_1_36' title='bbox 672 559 730 619; x_wconf 86' lang='lat' dir='ltr'>tuit</span> <span class='ocrx_word' id='word_1_37' title='bbox 751 562 903 634; x_wconf 83' lang='lat' dir='ltr'>fortunae,</span> <span class='ocrx_word' id='word_1_38' title='bbox 926 569 960 620; x_wconf 90' lang='lat' dir='ltr'>ut</span> <span class='ocrx_word' id='word_1_39' title='bbox 979 561 1067 622; x_wconf 92' lang='lat' dir='ltr'>modo</span> <span class='ocrx_word' id='word_1_40' title='bbox 1089 561 1129 637; x_wconf 92' lang='lat' dir='ltr'>bi,</span> 
     </span>
     <span class='ocr_line' id='line_1_6' title="bbox 53 644 1130 724; baseline 0 -18"><span class='ocrx_word' id='word_1_41' title='bbox 53 646 143 706; x_wconf 92' lang='lat' dir='ltr'>modo</span> <span class='ocrx_word' id='word_1_42' title='bbox 159 646 202 706; x_wconf 93' lang='lat' dir='ltr'>illi</span> <span class='ocrx_word' id='word_1_43' title='bbox 217 646 250 706; x_wconf 92' lang='lat' dir='ltr'>in</span> <span class='ocrx_word' id='word_1_44' title='bbox 266 663 381 706; x_wconf 93' lang='lat' dir='ltr'>summo</span> <span class='ocrx_word' id='word_1_45' title='bbox 398 651 498 703; x_wconf 89' lang='lat' dir='ltr'>essent</span> <span class='ocrx_word' id='word_1_46' title='bbox 512 652 561 704; x_wconf 93' lang='lat' dir='ltr'>aut</span> <span class='ocrx_word' id='word_1_47' title='bbox 573 644 689 722; x_wconf 81' lang='lat' dir='ltr'>fastigio</span> <span class='ocrx_word' id='word_1_48' title='bbox 706 655 755 706; x_wconf 89' lang='lat' dir='ltr'>aut</span> <span class='ocrx_word' id='word_1_49' title='bbox 771 645 927 724; x_wconf 88' lang='lat' dir='ltr'>periculo),</span> <span class='ocrx_word' id='word_1_50' title='bbox 943 645 1130 724; x_wconf 87' lang='lat' dir='ltr'>habebatque</span> 
     </span>
     <span class='ocr_line' id='line_1_7' title="bbox 54 729 1160 810; baseline 0 -18"><span class='ocrx_word' id='word_1_51' title='bbox 54 749 158 792; x_wconf 88' lang='lat' dir='ltr'>secum</span> <span class='ocrx_word' id='word_1_52' title='bbox 174 732 208 801; x_wconf 86' lang='lat' dir='ltr'>Q.</span> <span class='ocrx_word' id='word_1_53' title='bbox 231 730 358 792; x_wconf 89' lang='lat' dir='ltr'>Gellium</span> <span class='ocrx_word' id='word_1_54' title='bbox 380 729 508 804; x_wconf 86' lang='lat' dir='ltr'>Canum,</span> <span class='ocrx_word' id='word_1_55' title='bbox 530 730 682 809; x_wconf 90' lang='lat' dir='ltr'>aequalem</span> <span class='ocrx_word' id='word_1_56' title='bbox 703 730 944 810; x_wconf 89' lang='lat' dir='ltr'>simillimumque</span> <span class='ocrx_word' id='word_1_57' title='bbox 966 731 1022 791; x_wconf 92' lang='lat' dir='ltr'>sui.</span> <span class='ocrx_word' id='word_1_58' title='bbox 1067 731 1160 792; x_wconf 74' lang='lat' dir='ltr'>Hocb</span> 
     </span>
     <span class='ocr_line' id='line_1_8' title="bbox 54 814 1128 896; baseline -0.002 -19"><span class='ocrx_word' id='word_1_59' title='bbox 54 835 176 896; x_wconf 93' lang='lat' dir='ltr'>quoque</span> <span class='ocrx_word' id='word_1_60' title='bbox 191 817 228 876; x_wconf 92' lang='lat' dir='ltr'>sit</span> <span class='ocrx_word' id='word_1_61' title='bbox 243 816 330 876; x_wconf 74' lang='lat' dir='ltr'>attici</span> <span class='ocrx_word' id='word_1_62' title='bbox 346 814 486 876; x_wconf 90' lang='lat' dir='ltr'>bonitatis</span> <span class='ocrx_word' id='word_1_63' title='bbox 502 815 679 894; x_wconf 85' lang='lat' dir='ltr'>exemplum,</span> <span class='ocrx_word' id='word_1_64' title='bbox 696 817 859 895; x_wconf 92' lang='lat' dir='ltr'>quodcum</span> <span class='ocrx_word' id='word_1_65' title='bbox 875 835 920 892; x_wconf 90' lang='lat' dir='ltr'>eo,</span> <span class='ocrx_word' id='word_1_66' title='bbox 943 834 1031 895; x_wconf 91' lang='lat' dir='ltr'>quem</span> <span class='ocrx_word' id='word_1_67' title='bbox 1054 835 1128 894; x_wconf 93' lang='lat' dir='ltr'>pue-</span> 
     </span>
     <span class='ocr_line' id='line_1_9' title="bbox 53 900 1128 978; baseline -0.003 -15"><span class='ocrx_word' id='word_1_68' title='bbox 53 921 123 963; x_wconf 91' lang='lat' dir='ltr'>rum</span> <span class='ocrx_word' id='word_1_69' title='bbox 149 903 180 961; x_wconf 93' lang='lat' dir='ltr'>in</span> <span class='ocrx_word' id='word_1_70' title='bbox 206 901 275 961; x_wconf 88' lang='lat' dir='ltr'>ludo</span> <span class='ocrx_word' id='word_1_71' title='bbox 302 907 459 978; x_wconf 84' lang='lat' dir='ltr'>cognorat,</span> <span class='ocrx_word' id='word_1_72' title='bbox 481 900 554 961; x_wconf 89' lang='lat' dir='ltr'>adeo</span> <span class='ocrx_word' id='word_1_73' title='bbox 576 901 735 962; x_wconf 90' lang='lat' dir='ltr'>coniuncte</span> <span class='ocrx_word' id='word_1_74' title='bbox 755 902 840 977; x_wconf 83' lang='lat' dir='ltr'>vixit,</span> <span class='ocrx_word' id='word_1_75' title='bbox 864 909 896 963; x_wconf 92' lang='lat' dir='ltr'>ut</span> <span class='ocrx_word' id='word_1_76' title='bbox 918 902 953 962; x_wconf 90' lang='lat' dir='ltr'>ad</span> <span class='ocrx_word' id='word_1_77' title='bbox 969 910 1128 962; x_wconf 85' lang='lat' dir='ltr'>extremam</span> 
     </span>
     <span class='ocr_line' id='line_1_10' title="bbox 54 986 1159 1048; baseline -0.001 0"><span class='ocrx_word' id='word_1_78' title='bbox 54 995 178 1048; x_wconf 89' lang='lat' dir='ltr'>aetatem</span> <span class='ocrx_word' id='word_1_79' title='bbox 194 986 319 1047; x_wconf 91' lang='lat' dir='ltr'>amicitia</span> <span class='ocrx_word' id='word_1_80' title='bbox 334 1004 438 1046; x_wconf 92' lang='lat' dir='ltr'>eorum</span> <span class='ocrx_word' id='word_1_81' title='bbox 453 986 586 1046; x_wconf 87' lang='lat' dir='ltr'>creverit.</span> <span class='ocrx_word' id='word_1_82' title='bbox 616 986 764 1047; x_wconf 71' lang='lat' dir='ltr'>Antonius</span> <span class='ocrx_word' id='word_1_83' title='bbox 779 996 877 1047; x_wconf 87' lang='lat' dir='ltr'>autem</span> <span class='ocrx_word' id='word_1_84' title='bbox 893 988 947 1047; x_wconf 87' lang='lat' dir='ltr'>etsi</span> <span class='ocrx_word' id='word_1_85' title='bbox 962 994 1044 1047; x_wconf 91' lang='lat' dir='ltr'>tanto</span> <span class='ocrx_word' id='word_1_86' title='bbox 1061 986 1128 1047; x_wconf 90' lang='lat' dir='ltr'>odio</span> <span class='ocrx_word' id='word_1_87' title='bbox 1143 998 1159 1047; x_wconf 87' lang='lat'>4</span> 
     </span>
     <span class='ocr_line' id='line_1_11' title="bbox 52 1071 1130 1146; baseline -0.001 -14"><span class='ocrx_word' id='word_1_88' title='bbox 52 1072 205 1133; x_wconf 78' lang='lat' dir='ltr'>serebatur</span> <span class='ocrx_word' id='word_1_89' title='bbox 219 1072 250 1131; x_wconf 92' lang='lat' dir='ltr'>in</span> <span class='ocrx_word' id='word_1_90' title='bbox 267 1071 449 1146; x_wconf 83' lang='lat' dir='ltr'>Ciceronem,</span> <span class='ocrx_word' id='word_1_91' title='bbox 465 1079 498 1130; x_wconf 93' lang='lat' dir='ltr'>ut</span> <span class='ocrx_word' id='word_1_92' title='bbox 513 1090 573 1131; x_wconf 91' lang='lat' dir='ltr'>non</span> <span class='ocrx_word' id='word_1_93' title='bbox 586 1071 683 1132; x_wconf 91' lang='lat' dir='ltr'>solum</span> <span class='ocrx_word' id='word_1_94' title='bbox 699 1071 735 1144; x_wconf 87' lang='lat' dir='ltr'>ei,</span> <span class='ocrx_word' id='word_1_95' title='bbox 752 1072 803 1133; x_wconf 87' lang='lat' dir='ltr'>sed</span> <span class='ocrx_word' id='word_1_96' title='bbox 815 1071 1051 1133; x_wconf 83' lang='lat' dir='ltr'>etiam&#39;omnibus</span> <span class='ocrx_word' id='word_1_97' title='bbox 1067 1073 1130 1132; x_wconf 93' lang='lat' dir='ltr'>eius</span> 
     </span>
     <span class='ocr_line' id='line_1_12' title="bbox 54 1156 1236 1236; baseline -0.003 -17"><span class='ocrx_word' id='word_1_98' title='bbox 54 1157 158 1219; x_wconf 90' lang='lat' dir='ltr'>amicis</span> <span class='ocrx_word' id='word_1_99' title='bbox 173 1165 251 1218; x_wconf 89' lang='lat' dir='ltr'>esset</span> <span class='ocrx_word' id='word_1_100' title='bbox 265 1156 403 1216; x_wconf 88' lang='lat' dir='ltr'>inimicus</span> <span class='ocrx_word' id='word_1_101' title='bbox 425 1174 536 1234; x_wconf 90' lang='lat' dir='ltr'>eosque</span> <span class='ocrx_word' id='word_1_102' title='bbox 556 1156 642 1216; x_wconf 84' lang='lat' dir='ltr'>vellet</span> <span class='ocrx_word' id='word_1_103' title='bbox 663 1156 866 1236; x_wconf 88' lang='lat' dir='ltr'>proscribere,</span> <span class='ocrx_word' id='word_1_104' title='bbox 888 1157 989 1217; x_wconf 93' lang='lat' dir='ltr'>multis</span> <span class='ocrx_word' id='word_1_105' title='bbox 1012 1156 1133 1217; x_wconf 91' lang='lat' dir='ltr'>hortan·</span> <span class='ocrx_word' id='word_1_106' title='bbox 1235 1206 1236 1210; x_wconf 65' lang='lat'>,</span> 
     </span>
     <span class='ocr_line' id='line_1_13' title="bbox 55 1241 1135 1320; baseline -0.002 -17"><span class='ocrx_word' id='word_1_107' title='bbox 55 1243 138 1304; x_wconf 92' lang='lat' dir='ltr'>tibus</span> <span class='ocrx_word' id='word_1_108' title='bbox 152 1251 251 1302; x_wconf 89' lang='lat' dir='ltr'>tamen</span> <span class='ocrx_word' id='word_1_109' title='bbox 265 1242 353 1303; x_wconf 85' lang='lat' dir='ltr'>Attici</span> <span class='ocrx_word' id='word_1_110' title='bbox 368 1259 482 1301; x_wconf 90' lang='lat' dir='ltr'>memor</span> <span class='ocrx_word' id='word_1_111' title='bbox 497 1241 553 1301; x_wconf 85' lang='lat' dir='ltr'>fuit</span> <span class='ocrx_word' id='word_1_112' title='bbox 567 1241 657 1302; x_wconf 87' lang='lat' dir='ltr'>officii</span> <span class='ocrx_word' id='word_1_113' title='bbox 672 1249 701 1302; x_wconf 88' lang='lat' dir='ltr'>et</span> <span class='ocrx_word' id='word_1_114' title='bbox 717 1242 758 1315; x_wconf 90' lang='lat' dir='ltr'>ei,</span> <span class='ocrx_word' id='word_1_115' title='bbox 782 1261 850 1302; x_wconf 93' lang='lat' dir='ltr'>cum</span> <span class='ocrx_word' id='word_1_116' title='bbox 865 1242 1051 1320; x_wconf 88' lang='lat' dir='ltr'>requisisset,</span> <span class='ocrx_word' id='word_1_117' title='bbox 1070 1242 1135 1302; x_wconf 88' lang='lat' dir='ltr'>obi·</span> 
     </span>
     <span class='ocr_line' id='line_1_14' title="bbox 56 1326 1131 1406; baseline 0 -18"><span class='ocrx_word' id='word_1_118' title='bbox 56 1346 127 1388; x_wconf 89' lang='lat' dir='ltr'>nam</span> <span class='ocrx_word' id='word_1_119' title='bbox 142 1335 228 1402; x_wconf 89' lang='lat' dir='ltr'>esset,</span> <span class='ocrx_word' id='word_1_120' title='bbox 244 1346 296 1387; x_wconf 92' lang='lat' dir='ltr'>sua</span> <span class='ocrx_word' id='word_1_121' title='bbox 309 1346 400 1387; x_wconf 92' lang='lat' dir='ltr'>manu</span> <span class='ocrx_word' id='word_1_122' title='bbox 415 1326 543 1405; x_wconf 91' lang='lat' dir='ltr'>scripsit,</span> <span class='ocrx_word' id='word_1_123' title='bbox 559 1346 597 1387; x_wconf 91' lang='lat' dir='ltr'>ne</span> <span class='ocrx_word' id='word_1_124' title='bbox 609 1327 726 1388; x_wconf 90' lang='lat' dir='ltr'>timeret</span> <span class='ocrx_word' id='word_1_125' title='bbox 737 1328 895 1406; x_wconf 89' lang='lat' dir='ltr'>statimque</span> <span class='ocrx_word' id='word_1_126' title='bbox 906 1329 941 1388; x_wconf 92' lang='lat' dir='ltr'>ad</span> <span class='ocrx_word' id='word_1_127' title='bbox 955 1347 986 1388; x_wconf 90' lang='lat' dir='ltr'>se</span> <span class='ocrx_word' id='word_1_128' title='bbox 998 1327 1131 1388; x_wconf 89' lang='lat' dir='ltr'>veniret:</span> 
     </span>
     <span class='ocr_line' id='line_1_15' title="bbox 57 1411 1133 1491; baseline -0.003 -16"><span class='ocrx_word' id='word_1_129' title='bbox 57 1433 91 1475; x_wconf 93' lang='lat' dir='ltr'>se</span> <span class='ocrx_word' id='word_1_130' title='bbox 116 1431 184 1472; x_wconf 90' lang='lat' dir='ltr'>eum</span> <span class='ocrx_word' id='word_1_131' title='bbox 207 1423 236 1472; x_wconf 92' lang='lat' dir='ltr'>et</span> <span class='ocrx_word' id='word_1_132' title='bbox 256 1412 335 1473; x_wconf 91' lang='lat' dir='ltr'>illius</span> <span class='ocrx_word' id='word_1_133' title='bbox 358 1430 444 1472; x_wconf 90' lang='lat' dir='ltr'>causa</span> <span class='ocrx_word' id='word_1_134' title='bbox 462 1411 574 1472; x_wconf 84' lang='lat' dir='ltr'>Canum</span> <span class='ocrx_word' id='word_1_135' title='bbox 596 1413 632 1472; x_wconf 91' lang='lat' dir='ltr'>de</span> <span class='ocrx_word' id='word_1_136' title='bbox 653 1413 891 1491; x_wconf 85' lang='lat' dir='ltr'>proscriptorum</span> <span class='ocrx_word' id='word_1_137' title='bbox 914 1431 1039 1472; x_wconf 86' lang='lat' dir='ltr'>numero</span> <span class='ocrx_word' id='word_1_138' title='bbox 1065 1431 1133 1472; x_wconf 84' lang='lat' dir='ltr'>exe·</span> 
     </span>
     <span class='ocr_line' id='line_1_16' title="bbox 55 1497 1133 1577; baseline -0.002 -18"><span class='ocrx_word' id='word_1_139' title='bbox 55 1499 157 1560; x_wconf 91' lang='lat' dir='ltr'>misse.</span> <span class='ocrx_word' id='word_1_140' title='bbox 188 1499 230 1558; x_wconf 74' lang='lat' dir='ltr'>bc</span> <span class='ocrx_word' id='word_1_141' title='bbox 245 1516 283 1558; x_wconf 91' lang='lat' dir='ltr'>ne</span> <span class='ocrx_word' id='word_1_142' title='bbox 299 1498 380 1576; x_wconf 91' lang='lat' dir='ltr'>quod</span> <span class='ocrx_word' id='word_1_143' title='bbox 395 1497 560 1576; x_wconf 90' lang='lat' dir='ltr'>periculum</span> <span class='ocrx_word' id='word_1_144' title='bbox 574 1497 727 1571; x_wconf 89' lang='lat' dir='ltr'>incideret,</span> <span class='ocrx_word' id='word_1_145' title='bbox 744 1498 822 1577; x_wconf 93' lang='lat' dir='ltr'>quod</span> <span class='ocrx_word' id='word_1_146' title='bbox 836 1505 926 1558; x_wconf 91' lang='lat' dir='ltr'>noctu</span> <span class='ocrx_word' id='word_1_147' title='bbox 937 1498 1033 1572; x_wconf 85' lang='lat' dir='ltr'>fiebat,</span> <span class='ocrx_word' id='word_1_148' title='bbox 1046 1516 1133 1576; x_wconf 90' lang='lat' dir='ltr'>prae·</span> 
     </span>
     <span class='ocr_line' id='line_1_17' title="bbox 57 1582 1163 1655; baseline -0.004 -9"><span class='ocrx_word' id='word_1_149' title='bbox 57 1585 167 1647; x_wconf 89' lang='lat' dir='ltr'>sidium</span> <span class='ocrx_word' id='word_1_150' title='bbox 183 1583 209 1644; x_wconf 92' lang='lat' dir='ltr'>ei</span> <span class='ocrx_word' id='word_1_151' title='bbox 224 1583 314 1643; x_wconf 90' lang='lat' dir='ltr'>misit.</span> <span class='ocrx_word' id='word_1_152' title='bbox 344 1582 394 1642; x_wconf 91' lang='lat' dir='ltr'>Sic</span> <span class='ocrx_word' id='word_1_153' title='bbox 414 1582 528 1643; x_wconf 70' lang='lat' dir='ltr'>Atticus</span> <span class='ocrx_word' id='word_1_154' title='bbox 550 1583 581 1642; x_wconf 92' lang='lat' dir='ltr'>in</span> <span class='ocrx_word' id='word_1_155' title='bbox 597 1601 712 1643; x_wconf 93' lang='lat' dir='ltr'>summo</span> <span class='ocrx_word' id='word_1_156' title='bbox 735 1583 841 1643; x_wconf 90' lang='lat' dir='ltr'>timore</span> <span class='ocrx_word' id='word_1_157' title='bbox 858 1603 923 1643; x_wconf 89' lang='lat' dir='ltr'>non</span> <span class='ocrx_word' id='word_1_158' title='bbox 947 1583 1043 1643; x_wconf 88' lang='lat' dir='ltr'>solum</span> <span class='ocrx_word' id='word_1_159' title='bbox 1067 1582 1163 1655; x_wconf 83' lang='lat' dir='ltr'>sibi,5</span> 
     </span>
     <span class='ocr_line' id='line_1_18' title="bbox 58 1666 1134 1747; baseline -0.006 -15"><span class='ocrx_word' id='word_1_160' title='bbox 58 1669 212 1732; x_wconf 88' lang='lat' dir='ltr'>sedetiam</span> <span class='ocrx_word' id='word_1_161' title='bbox 235 1670 277 1743; x_wconf 90' lang='lat' dir='ltr'>ei,</span> <span class='ocrx_word' id='word_1_162' title='bbox 301 1686 389 1747; x_wconf 91' lang='lat' dir='ltr'>quem</span> <span class='ocrx_word' id='word_1_163' title='bbox 411 1668 596 1729; x_wconf 92' lang='lat' dir='ltr'>carissimum</span> <span class='ocrx_word' id='word_1_164' title='bbox 610 1668 750 1742; x_wconf 88' lang='lat' dir='ltr'>babebat,</span> <span class='ocrx_word' id='word_1_165' title='bbox 774 1667 921 1747; x_wconf 90' lang='lat' dir='ltr'>praesidio</span> <span class='ocrx_word' id='word_1_166' title='bbox 937 1667 1001 1730; x_wconf 82' lang='lat' dir='ltr'>tuit.</span> <span class='ocrx_word' id='word_1_167' title='bbox 1031 1666 1134 1745; x_wconf 89' lang='lat' dir='ltr'>Neque</span> 
     </span>
     <span class='ocr_line' id='line_1_19' title="bbox 59 1753 1133 1834; baseline -0.006 -17"><span class='ocrx_word' id='word_1_168' title='bbox 59 1754 140 1817; x_wconf 93' lang='lat' dir='ltr'>enim</span> <span class='ocrx_word' id='word_1_169' title='bbox 156 1773 226 1815; x_wconf 90' lang='lat' dir='ltr'>suae</span> <span class='ocrx_word' id='word_1_170' title='bbox 242 1754 339 1815; x_wconf 92' lang='lat' dir='ltr'>solum</span> <span class='ocrx_word' id='word_1_171' title='bbox 354 1773 370 1814; x_wconf 95' lang='lat' dir='ltr'>a</span> <span class='ocrx_word' id='word_1_172' title='bbox 387 1772 535 1833; x_wconf 90' lang='lat' dir='ltr'>quoquam</span> <span class='ocrx_word' id='word_1_173' title='bbox 551 1753 691 1834; x_wconf 86' lang='lat' dir='ltr'>auxilium</span> <span class='ocrx_word' id='word_1_174' title='bbox 714 1754 799 1834; x_wconf 87' lang='lat' dir='ltr'>petiit</span> <span class='ocrx_word' id='word_1_175' title='bbox 820 1753 937 1827; x_wconf 91' lang='lat' dir='ltr'>salutis,</span> <span class='ocrx_word' id='word_1_176' title='bbox 961 1753 1012 1813; x_wconf 94' lang='lat' dir='ltr'>sed</span> <span class='ocrx_word' id='word_1_177' title='bbox 1034 1761 1067 1812; x_wconf 94' lang='lat' dir='ltr'>ut</span> <span class='ocrx_word' id='word_1_178' title='bbox 1081 1771 1133 1831; x_wconf 91' lang='lat' dir='ltr'>ap-</span> 
     </span>
     <span class='ocr_line' id='line_1_20' title="bbox 57 1836 1164 1921; baseline -0.004 -20"><span class='ocrx_word' id='word_1_179' title='bbox 57 1850 178 1921; x_wconf 89' lang='lat' dir='ltr'>pareret</span> <span class='ocrx_word' id='word_1_180' title='bbox 199 1840 310 1901; x_wconf 88' lang='lat' dir='ltr'>nuliam</span> <span class='ocrx_word' id='word_1_181' title='bbox 332 1839 495 1901; x_wconf 90' lang='lat' dir='ltr'>seiunctam</span> <span class='ocrx_word' id='word_1_182' title='bbox 518 1839 573 1900; x_wconf 90' lang='lat' dir='ltr'>sibi</span> <span class='ocrx_word' id='word_1_183' title='bbox 596 1839 631 1900; x_wconf 94' lang='lat' dir='ltr'>ab</span> <span class='ocrx_word' id='word_1_184' title='bbox 658 1859 693 1900; x_wconf 90' lang='lat' dir='ltr'>eo</span> <span class='ocrx_word' id='word_1_185' title='bbox 715 1840 787 1900; x_wconf 89' lang='lat' dir='ltr'>velle</span> <span class='ocrx_word' id='word_1_186' title='bbox 810 1841 969 1899; x_wconf 82' lang='lat' dir='ltr'>fortunam.</span> <span class='ocrx_word' id='word_1_187' title='bbox 1002 1837 1087 1907; x_wconf 82' lang='lat' dir='ltr'>Quod</span> <span class='ocrx_word' id='word_1_188' title='bbox 1109 1836 1164 1897; x_wconf 78' lang='lat' dir='ltr'>sio</span> 
     </span>
     <span class='ocr_line' id='line_1_21' title="bbox 59 1922 1136 2004; baseline -0.005 -18"><span class='ocrx_word' id='word_1_189' title='bbox 59 1924 242 2004; x_wconf 81' lang='lat' dir='ltr'>gubernator</span> <span class='ocrx_word' id='word_1_190' title='bbox 257 1923 416 2004; x_wconf 90' lang='lat' dir='ltr'>praecipua</span> <span class='ocrx_word' id='word_1_191' title='bbox 432 1924 516 1985; x_wconf 91' lang='lat' dir='ltr'>laude</span> <span class='ocrx_word' id='word_1_192' title='bbox 531 1926 636 1999; x_wconf 84' lang='lat' dir='ltr'>fertur,</span> <span class='ocrx_word' id='word_1_193' title='bbox 653 1925 704 2004; x_wconf 92' lang='lat' dir='ltr'>qui</span> <span class='ocrx_word' id='word_1_194' title='bbox 720 1944 823 1985; x_wconf 86' lang='lat' dir='ltr'>navem</span> <span class='ocrx_word' id='word_1_195' title='bbox 839 1943 874 1984; x_wconf 84' lang='lat' dir='ltr'>ex</span> <span class='ocrx_word' id='word_1_196' title='bbox 889 1924 986 1984; x_wconf 88' lang='lat' dir='ltr'>hieme</span> <span class='ocrx_word' id='word_1_197' title='bbox 1002 1922 1136 1999; x_wconf 86' lang='lat' dir='ltr'>marique</span> 
     </span>
     <span class='ocr_line' id='line_1_22' title="bbox 58 2007 1134 2089; baseline -0.006 -17"><span class='ocrx_word' id='word_1_198' title='bbox 58 2010 220 2089; x_wconf 88' lang='lat' dir='ltr'>scopuloso</span> <span class='ocrx_word' id='word_1_199' title='bbox 236 2018 340 2083; x_wconf 84' lang='lat' dir='ltr'>servat,</span> <span class='ocrx_word' id='word_1_200' title='bbox 358 2028 411 2070; x_wconf 93' lang='lat' dir='ltr'>cur</span> <span class='ocrx_word' id='word_1_201' title='bbox 426 2029 487 2070; x_wconf 92' lang='lat' dir='ltr'>non</span> <span class='ocrx_word' id='word_1_202' title='bbox 503 2009 663 2088; x_wconf 83' lang='lat' dir='ltr'>singularis</span> <span class='ocrx_word' id='word_1_203' title='bbox 679 2012 742 2071; x_wconf 90' lang='lat' dir='ltr'>eius</span> <span class='ocrx_word' id='word_1_204' title='bbox 765 2010 947 2071; x_wconf 85' lang='lat' dir='ltr'>existimetur</span> <span class='ocrx_word' id='word_1_205' title='bbox 968 2007 1134 2088; x_wconf 90' lang='lat' dir='ltr'>prudentia,</span> 
     </span>
     <span class='ocr_line' id='line_1_23' title="bbox 58 2094 1234 2176; baseline -0.004 -20"><span class='ocrx_word' id='word_1_206' title='bbox 58 2097 112 2176; x_wconf 90' lang='lat' dir='ltr'>qui</span> <span class='ocrx_word' id='word_1_207' title='bbox 128 2115 163 2156; x_wconf 82' lang='lat' dir='ltr'>ex</span> <span class='ocrx_word' id='word_1_208' title='bbox 178 2103 221 2156; x_wconf 92' lang='lat' dir='ltr'>tot</span> <span class='ocrx_word' id='word_1_209' title='bbox 235 2104 353 2174; x_wconf 90' lang='lat' dir='ltr'>tamque</span> <span class='ocrx_word' id='word_1_210' title='bbox 370 2095 505 2174; x_wconf 83' lang='lat' dir='ltr'>gravibus</span> <span class='ocrx_word' id='word_1_211' title='bbox 527 2095 666 2174; x_wconf 87' lang='lat' dir='ltr'>procellis</span> <span class='ocrx_word' id='word_1_212' title='bbox 690 2094 823 2157; x_wconf 88' lang='lat' dir='ltr'>civilibus</span> <span class='ocrx_word' id='word_1_213' title='bbox 845 2096 880 2156; x_wconf 89' lang='lat' dir='ltr'>ad</span> <span class='ocrx_word' id='word_1_214' title='bbox 902 2094 1136 2155; x_wconf 81' lang='lat' dir='ltr'>incolumitatem</span> <span class='ocrx_word' id='word_1_215' title='bbox 1226 2094 1234 2113; x_wconf 72' lang='grc'><strong>“</strong></span> 
     </span>
    </p>
   </div>
   <div class='ocr_carea' id='block_1_3' title="bbox 57 2179 216 2262">
    <p class='ocr_par' dir='ltr' id='par_1_3' title="bbox 57 2179 216 2262">
     <span class='ocr_line' id='line_1_24' title="bbox 57 2179 216 2262; baseline -0.013 -19"><span class='ocrx_word' id='word_1_216' title='bbox 57 2179 216 2262; x_wconf 81' lang='lat' dir='ltr'>pervenit?</span> 
     </span>
    </p>
   </div>
   <div class='ocr_carea' id='block_1_4' title="bbox 54 2363 1211 3860">
    <p class='ocr_par' dir='ltr' id='par_1_4' title="bbox 57 2363 1211 2756">
     <span class='ocr_line' id='line_1_25' title="bbox 129 2363 1136 2432; baseline 0.001 -17"><span class='ocrx_word' id='word_1_217' title='bbox 129 2365 154 2416; x_wconf 78' lang='grc'>2.</span> <span class='ocrx_word' id='word_1_218' title='bbox 173 2364 211 2414; x_wconf 84' lang='lat' dir='ltr'>ad</span> <span class='ocrx_word' id='word_1_219' title='bbox 226 2363 376 2416; x_wconf 88' lang='lat' dir='ltr'>bezeichnet</span> <span class='ocrx_word' id='word_1_220' title='bbox 393 2363 435 2414; x_wconf 89' lang='lat' dir='ltr'>die</span> <span class='ocrx_word' id='word_1_221' title='bbox 452 2364 524 2417; x_wconf 71' lang='lat' dir='ltr'>the</span> <span class='ocrx_word' id='word_1_222' title='bbox 543 2365 587 2417; x_wconf 89' lang='lat' dir='ltr'>der</span> <span class='ocrx_word' id='word_1_223' title='bbox 603 2365 670 2419; x_wconf 87' lang='lat' dir='ltr'>Zeit:</span> <span class='ocrx_word' id='word_1_224' title='bbox 696 2366 767 2417; x_wconf 85' lang='lat' dir='ltr'>‘kurz</span> <span class='ocrx_word' id='word_1_225' title='bbox 791 2369 855 2418; x_wconf 82' lang='lat' dir='ltr'>vor’.</span> <span class='ocrx_word' id='word_1_226' title='bbox 874 2395 907 2404; x_wconf 93' lang='lat'>-</span> <span class='ocrx_word' id='word_1_227' title='bbox 925 2369 1136 2432; x_wconf 79' lang='lat' dir='ltr'>imperatorum.-</span> 
     </span>
     <span class='ocr_line' id='line_1_26' title="bbox 58 2431 1138 2502; baseline 0.001 -18"><span class='ocrx_word' id='word_1_228' title='bbox 58 2433 107 2484; x_wconf 89' lang='lat' dir='ltr'>des</span> <span class='ocrx_word' id='word_1_229' title='bbox 131 2431 272 2496; x_wconf 84' lang='lat' dir='ltr'>Antonius,</span> <span class='ocrx_word' id='word_1_230' title='bbox 300 2431 425 2484; x_wconf 83' lang='lat' dir='ltr'>Octavian</span> <span class='ocrx_word' id='word_1_231' title='bbox 443 2434 495 2485; x_wconf 91' lang='lat' dir='ltr'>und</span> <span class='ocrx_word' id='word_1_232' title='bbox 513 2434 639 2500; x_wconf 87' lang='lat' dir='ltr'>Lepidus,</span> <span class='ocrx_word' id='word_1_233' title='bbox 668 2434 708 2486; x_wconf 90' lang='lat' dir='ltr'>die</span> <span class='ocrx_word' id='word_1_234' title='bbox 736 2435 790 2486; x_wconf 89' lang='lat' dir='ltr'>sich</span> <span class='ocrx_word' id='word_1_235' title='bbox 818 2434 880 2486; x_wconf 85' lang='lat' dir='ltr'>kurz</span> <span class='ocrx_word' id='word_1_236' title='bbox 901 2434 994 2487; x_wconf 84' lang='lat' dir='ltr'>vorher</span> <span class='ocrx_word' id='word_1_237' title='bbox 1012 2435 1138 2502; x_wconf 81' lang='lat' dir='ltr'>vereinigt</span> 
     </span>
     <span class='ocr_line' id='line_1_27' title="bbox 58 2498 1143 2567; baseline 0 -15"><span class='ocrx_word' id='word_1_238' title='bbox 58 2498 114 2552; x_wconf 90' lang='lat' dir='ltr'>und</span> <span class='ocrx_word' id='word_1_239' title='bbox 133 2515 164 2550; x_wconf 88' lang='lat' dir='ltr'>zu</span> <span class='ocrx_word' id='word_1_240' title='bbox 183 2504 321 2552; x_wconf 67' lang='lat' dir='ltr'>tmumvire‘</span> <span class='ocrx_word' id='word_1_241' title='bbox 336 2504 379 2552; x_wconf 82' lang='lat' dir='ltr'>rei</span> <span class='ocrx_word' id='word_1_242' title='bbox 392 2503 518 2567; x_wconf 80' lang='lat' dir='ltr'>publicae</span> <span class='ocrx_word' id='word_1_243' title='bbox 536 2503 739 2554; x_wconf 71' lang='lat' dir='ltr'>constituendae</span> <span class='ocrx_word' id='word_1_244' title='bbox 748 2503 842 2555; x_wconf 74' lang='lat' dir='ltr'>erklart</span> <span class='ocrx_word' id='word_1_245' title='bbox 859 2503 957 2555; x_wconf 87' lang='lat' dir='ltr'>hatten.</span> <span class='ocrx_word' id='word_1_246' title='bbox 986 2503 1143 2567; x_wconf 73' lang='lat' dir='ltr'>Imperator</span> 
     </span>
     <span class='ocr_line' id='line_1_28' title="bbox 57 2565 1140 2638; baseline 0.001 -18"><span class='ocrx_word' id='word_1_247' title='bbox 57 2569 94 2620; x_wconf 88' lang='lat' dir='ltr'>ist</span> <span class='ocrx_word' id='word_1_248' title='bbox 112 2565 167 2620; x_wconf 89' lang='lat' dir='ltr'>hier</span> <span class='ocrx_word' id='word_1_249' title='bbox 185 2568 259 2633; x_wconf 86' lang='lat' dir='ltr'>Titel,</span> <span class='ocrx_word' id='word_1_250' title='bbox 277 2568 327 2620; x_wconf 89' lang='lat' dir='ltr'>den</span> <span class='ocrx_word' id='word_1_251' title='bbox 345 2569 386 2620; x_wconf 90' lang='lat' dir='ltr'>die</span> <span class='ocrx_word' id='word_1_252' title='bbox 403 2569 541 2622; x_wconf 84' lang='lat' dir='ltr'>Feldherrn</span> <span class='ocrx_word' id='word_1_253' title='bbox 560 2570 638 2623; x_wconf 88' lang='lat' dir='ltr'>durch</span> <span class='ocrx_word' id='word_1_254' title='bbox 647 2571 823 2623; x_wconf 86' lang='lat' dir='ltr'>Acclamation</span> <span class='ocrx_word' id='word_1_255' title='bbox 841 2572 886 2624; x_wconf 91' lang='lat' dir='ltr'>des</span> <span class='ocrx_word' id='word_1_256' title='bbox 904 2571 981 2623; x_wconf 88' lang='lat' dir='ltr'>Heers</span> <span class='ocrx_word' id='word_1_257' title='bbox 1000 2571 1060 2638; x_wconf 70' lang='grc' dir='ltr'><strong>(εἰς.</strong></span> <span class='ocrx_word' id='word_1_258' title='bbox 1071 2571 1140 2622; x_wconf 87' lang='lat' dir='ltr'>nach</span> 
     </span>
     <span class='ocr_line' id='line_1_29' title="bbox 58 2636 1211 2756; baseline 0.002 -68"><span class='ocrx_word' id='word_1_259' title='bbox 58 2638 144 2756; x_wconf 61' lang='lat' dir='ltr'>pirpprp</span> <span class='ocrx_word' id='word_1_260' title='bbox 171 2636 348 2689; x_wconf 89' lang='lat' dir='ltr'>bedentenden</span> <span class='ocrx_word' id='word_1_261' title='bbox 366 2636 458 2703; x_wconf 81' lang='lat' dir='ltr'>Siege)</span> <span class='ocrx_word' id='word_1_262' title='bbox 482 2639 617 2705; x_wconf 87' lang='lat' dir='ltr'>erbielten,</span> <span class='ocrx_word' id='word_1_263' title='bbox 644 2639 697 2690; x_wconf 89' lang='lat' dir='ltr'>und</span> <span class='ocrx_word' id='word_1_264' title='bbox 720 2641 745 2691; x_wconf 93' lang='lat' dir='ltr'>in</span> <span class='ocrx_word' id='word_1_265' title='bbox 770 2639 815 2692; x_wconf 88' lang='lat' dir='ltr'>der</span> <span class='ocrx_word' id='word_1_266' title='bbox 837 2641 1028 2706; x_wconf 83' lang='lat' dir='ltr'>Uebersetzung</span> <span class='ocrx_word' id='word_1_267' title='bbox 1052 2639 1137 2690; x_wconf 87' lang='lat' dir='ltr'>beizu-</span> <span class='ocrx_word' id='word_1_268' title='bbox 1208 2674 1211 2679; x_wconf 87' lang='lat'>.</span> 
     </span>
    </p>

    <p class='ocr_par' dir='ltr' id='par_1_5' title="bbox 77 2708 190 2757">
     <span class='ocr_line' id='line_1_30' title="bbox 77 2708 190 2757; baseline 0.009 -1"><span class='ocrx_word' id='word_1_269' title='bbox 77 2708 190 2757; x_wconf 86' lang='lat' dir='ltr'>caten.</span> 
     </span>
    </p>

    <p class='ocr_par' dir='ltr' id='par_1_6' title="bbox 58 2772 1140 2905">
     <span class='ocr_line' id='line_1_31' title="bbox 131 2772 1140 2840; baseline 0.004 -18"><span class='ocrx_word' id='word_1_270' title='bbox 131 2772 267 2838; x_wconf 81' lang='lat' dir='ltr'>aequalem</span> <span class='ocrx_word' id='word_1_271' title='bbox 284 2773 554 2839; x_wconf 79' lang='lat' dir='ltr'>simillimumqueaui</span> <span class='ocrx_word' id='word_1_272' title='bbox 570 2774 624 2828; x_wconf 86' lang='lat' dir='ltr'>‘der</span> <span class='ocrx_word' id='word_1_273' title='bbox 641 2776 696 2828; x_wconf 90' lang='lat' dir='ltr'>sein</span> <span class='ocrx_word' id='word_1_274' title='bbox 708 2775 903 2840; x_wconf 81' lang='lat' dir='ltr'>Altersgenosse</span> <span class='ocrx_word' id='word_1_275' title='bbox 914 2775 965 2827; x_wconf 90' lang='lat' dir='ltr'>und</span> <span class='ocrx_word' id='word_1_276' title='bbox 983 2774 1035 2826; x_wconf 92' lang='lat' dir='ltr'>ibm</span> <span class='ocrx_word' id='word_1_277' title='bbox 1047 2774 1140 2826; x_wconf 90' lang='lat' dir='ltr'>durch-</span> 
     </span>
     <span class='ocr_line' id='line_1_32' title="bbox 58 2839 403 2905; baseline 0 -14"><span class='ocrx_word' id='word_1_278' title='bbox 58 2855 109 2891; x_wconf 89' lang='lat' dir='ltr'>aus</span> <span class='ocrx_word' id='word_1_279' title='bbox 128 2839 316 2905; x_wconf 80' lang='lat' dir='ltr'>gleichgesinnt</span> <span class='ocrx_word' id='word_1_280' title='bbox 333 2843 403 2892; x_wconf 85' lang='lat' dir='ltr'>war&#39;.</span> 
     </span>
    </p>

    <p class='ocr_par' dir='ltr' id='par_1_7' title="bbox 60 2906 1139 3027">
     <span class='ocr_line' id='line_1_33' title="bbox 132 2906 1139 2976; baseline 0.002 -16"><span class='ocrx_word' id='word_1_281' title='bbox 132 2911 156 2960; x_wconf 84' lang='lat'>3.</span> <span class='ocrx_word' id='word_1_282' title='bbox 181 2911 230 2971; x_wconf 78' lang='lat' dir='ltr'>cit,</span> <span class='ocrx_word' id='word_1_283' title='bbox 254 2906 278 2961; x_wconf 89' lang='lat' dir='ltr'>d.</span> <span class='ocrx_word' id='word_1_284' title='bbox 302 2909 327 2959; x_wconf 83' lang='lat' dir='ltr'>h.</span> <span class='ocrx_word' id='word_1_285' title='bbox 351 2909 406 2960; x_wconf 86' lang='lat' dir='ltr'>will</span> <span class='ocrx_word' id='word_1_286' title='bbox 424 2910 466 2961; x_wconf 91' lang='lat' dir='ltr'>ich</span> <span class='ocrx_word' id='word_1_287' title='bbox 489 2910 614 2962; x_wconf 81' lang='lat' dir='ltr'>anfdbren</span> <span class='ocrx_word' id='word_1_288' title='bbox 637 2911 683 2962; x_wconf 89' lang='lat' dir='ltr'>als.</span> <span class='ocrx_word' id='word_1_289' title='bbox 702 2940 734 2949; x_wconf 97' lang='lat'>—</span> <span class='ocrx_word' id='word_1_290' title='bbox 765 2913 892 2960; x_wconf 75' lang='lat' dir='ltr'>bonitatis</span> <span class='ocrx_word' id='word_1_291' title='bbox 909 2911 959 2960; x_wconf 87' lang='lat' dir='ltr'>wie</span> <span class='ocrx_word' id='word_1_292' title='bbox 978 2927 999 2962; x_wconf 82' lang='lat' dir='ltr'>c.</span> <span class='ocrx_word' id='word_1_293' title='bbox 1018 2915 1043 2976; x_wconf 86' lang='lat'>9,</span> <span class='ocrx_word' id='word_1_294' title='bbox 1064 2916 1086 2964; x_wconf 84' lang='lat' dir='ltr'>t.</span> <span class='ocrx_word' id='word_1_295' title='bbox 1107 2941 1139 2949; x_wconf 94' lang='lat'>-</span> 
     </span>
     <span class='ocr_line' id='line_1_34' title="bbox 60 2973 267 3027; baseline -0.01 0"><span class='ocrx_word' id='word_1_296' title='bbox 60 2975 127 3027; x_wconf 82' lang='lat' dir='ltr'>ludo</span> <span class='ocrx_word' id='word_1_297' title='bbox 146 2973 267 3026; x_wconf 85' lang='lat' dir='ltr'>‘Schule&#39;.</span> 
     </span>
    </p>

    <p class='ocr_par' dir='ltr' id='par_1_8' title="bbox 57 3044 1140 3178">
     <span class='ocr_line' id='line_1_35' title="bbox 130 3044 1140 3112; baseline 0 -18"><span class='ocrx_word' id='word_1_298' title='bbox 130 3046 155 3094; x_wconf 91' lang='grc'>4.</span> <span class='ocrx_word' id='word_1_299' title='bbox 173 3044 265 3094; x_wconf 80' lang='lat' dir='ltr'>multis</span> <span class='ocrx_word' id='word_1_300' title='bbox 283 3045 462 3106; x_wconf 72' lang='lat' dir='ltr'>hortantibus,</span> <span class='ocrx_word' id='word_1_301' title='bbox 480 3045 558 3097; x_wconf 74' lang='lat' dir='ltr'>nami.</span> <span class='ocrx_word' id='word_1_302' title='bbox 575 3049 605 3096; x_wconf 85' lang='lat' dir='ltr'>ut</span> <span class='ocrx_word' id='word_1_303' title='bbox 614 3046 728 3097; x_wconf 82' lang='lat' dir='ltr'>Atticum</span> <span class='ocrx_word' id='word_1_304' title='bbox 746 3045 926 3112; x_wconf 82' lang='lat' dir='ltr'>proscriberet:</span> <span class='ocrx_word' id='word_1_305' title='bbox 946 3046 1021 3096; x_wconf 84' lang='lat' dir='ltr'>‘trotz</span> <span class='ocrx_word' id='word_1_306' title='bbox 1040 3044 1084 3096; x_wconf 86' lang='lat' dir='ltr'>der</span> <span class='ocrx_word' id='word_1_307' title='bbox 1095 3046 1140 3095; x_wconf 90' lang='lat' dir='ltr'>Er-</span> 
     </span>
     <span class='ocr_line' id='line_1_36' title="bbox 57 3110 696 3178; baseline 0 -14"><span class='ocrx_word' id='word_1_308' title='bbox 57 3110 226 3177; x_wconf 78' lang='lat' dir='ltr'>mabnnngen</span> <span class='ocrx_word' id='word_1_309' title='bbox 244 3110 345 3163; x_wconf 86' lang='lat' dir='ltr'>Vieler’.</span> <span class='ocrx_word' id='word_1_310' title='bbox 364 3140 397 3150; x_wconf 93' lang='lat'><em>-</em></span> <span class='ocrx_word' id='word_1_311' title='bbox 416 3111 505 3175; x_wconf 79' lang='lat' dir='ltr'>officii</span> <span class='ocrx_word' id='word_1_312' title='bbox 521 3113 571 3164; x_wconf 90' lang='lat' dir='ltr'>wie</span> <span class='ocrx_word' id='word_1_313' title='bbox 589 3128 611 3164; x_wconf 90' lang='lat' dir='ltr'>c.</span> <span class='ocrx_word' id='word_1_314' title='bbox 630 3117 654 3178; x_wconf 88' lang='lat'>6,</span> <span class='ocrx_word' id='word_1_315' title='bbox 673 3117 696 3166; x_wconf 87' lang='lat'>5.</span> 
     </span>
    </p>

    <p class='ocr_par' dir='ltr' id='par_1_9' title="bbox 56 3179 1140 3448">
     <span class='ocr_line' id='line_1_37' title="bbox 131 3179 1140 3249; baseline 0.001 -20"><span class='ocrx_word' id='word_1_316' title='bbox 131 3179 204 3245; x_wconf 80' lang='lat' dir='ltr'>quod</span> <span class='ocrx_word' id='word_1_317' title='bbox 226 3185 307 3230; x_wconf 79' lang='lat' dir='ltr'>noeto</span> <span class='ocrx_word' id='word_1_318' title='bbox 329 3180 411 3241; x_wconf 80' lang='lat' dir='ltr'>fiebat</span> <span class='ocrx_word' id='word_1_319' title='bbox 428 3180 520 3246; x_wconf 78' lang='lat' dir='ltr'>gehdrt</span> <span class='ocrx_word' id='word_1_320' title='bbox 545 3197 603 3232; x_wconf 90' lang='lat' dir='ltr'>zum</span> <span class='ocrx_word' id='word_1_321' title='bbox 621 3180 860 3249; x_wconf 83' lang='lat' dir='ltr'>Vorhergebenden.</span> <span class='ocrx_word' id='word_1_322' title='bbox 895 3179 944 3231; x_wconf 85' lang='lat' dir='ltr'>Der</span> <span class='ocrx_word' id='word_1_323' title='bbox 967 3179 1140 3246; x_wconf 78' lang='lat' dir='ltr'>vollstaindige</span> 
     </span>
     <span class='ocr_line' id='line_1_38' title="bbox 59 3245 1140 3314; baseline -0.001 -16"><span class='ocrx_word' id='word_1_324' title='bbox 59 3245 184 3299; x_wconf 86' lang='lat' dir='ltr'>Gedanke</span> <span class='ocrx_word' id='word_1_325' title='bbox 202 3251 285 3299; x_wconf 74' lang='lat' dir='ltr'>ware:</span> <span class='ocrx_word' id='word_1_326' title='bbox 303 3263 358 3299; x_wconf 86' lang='lat' dir='ltr'>was</span> <span class='ocrx_word' id='word_1_327' title='bbox 376 3247 446 3313; x_wconf 89' lang='lat' dir='ltr'>(dass</span> <span class='ocrx_word' id='word_1_328' title='bbox 465 3249 521 3301; x_wconf 87' lang='lat' dir='ltr'>eine</span> <span class='ocrx_word' id='word_1_329' title='bbox 540 3248 632 3300; x_wconf 85' lang='lat' dir='ltr'>Gesahr</span> <span class='ocrx_word' id='word_1_330' title='bbox 650 3250 767 3314; x_wconf 75' lang='lat' dir='ltr'>eintrtite)</span> <span class='ocrx_word' id='word_1_331' title='bbox 786 3265 812 3302; x_wconf 91' lang='lat' dir='ltr'>er</span> <span class='ocrx_word' id='word_1_332' title='bbox 831 3248 997 3311; x_wconf 78' lang='lat' dir='ltr'>besdechtete,</span> <span class='ocrx_word' id='word_1_333' title='bbox 1020 3247 1079 3299; x_wconf 89' lang='lat' dir='ltr'>weil</span> <span class='ocrx_word' id='word_1_334' title='bbox 1098 3246 1140 3298; x_wconf 90' lang='lat' dir='ltr'>die</span> 
     </span>
     <span class='ocr_line' id='line_1_39' title="bbox 58 3314 1140 3382; baseline 0 -16"><span class='ocrx_word' id='word_1_335' title='bbox 58 3314 144 3367; x_wconf 88' lang='lat' dir='ltr'>Sacbe</span> <span class='ocrx_word' id='word_1_336' title='bbox 162 3314 214 3378; x_wconf 80' lang='lat' dir='ltr'>(die</span> <span class='ocrx_word' id='word_1_337' title='bbox 231 3315 354 3382; x_wconf 85' lang='lat' dir='ltr'>Meidung</span> <span class='ocrx_word' id='word_1_338' title='bbox 372 3329 404 3366; x_wconf 87' lang='lat' dir='ltr'>an</span> <span class='ocrx_word' id='word_1_339' title='bbox 422 3317 530 3381; x_wconf 85' lang='lat' dir='ltr'>Atticus,</span> <span class='ocrx_word' id='word_1_340' title='bbox 548 3319 604 3382; x_wconf 87' lang='lat' dir='ltr'>‘es’)</span> <span class='ocrx_word' id='word_1_341' title='bbox 621 3318 663 3369; x_wconf 88' lang='lat' dir='ltr'>bei</span> <span class='ocrx_word' id='word_1_342' title='bbox 680 3317 764 3379; x_wconf 85' lang='lat' dir='ltr'>Nacht</span> <span class='ocrx_word' id='word_1_343' title='bbox 781 3332 828 3368; x_wconf 85' lang='lat' dir='ltr'>vor</span> <span class='ocrx_word' id='word_1_344' title='bbox 846 3316 901 3369; x_wconf 90' lang='lat' dir='ltr'>sich</span> <span class='ocrx_word' id='word_1_345' title='bbox 920 3317 990 3382; x_wconf 78' lang='lat' dir='ltr'>ging.</span> <span class='ocrx_word' id='word_1_346' title='bbox 1009 3345 1043 3353; x_wconf 90' lang='lat'><em>-</em></span> <span class='ocrx_word' id='word_1_347' title='bbox 1059 3332 1140 3382; x_wconf 84' lang='lat' dir='ltr'>prae-</span> 
     </span>
     <span class='ocr_line' id='line_1_40' title="bbox 56 3383 423 3448; baseline 0.005 -15"><span class='ocrx_word' id='word_1_348' title='bbox 56 3383 160 3434; x_wconf 78' lang='lat' dir='ltr'>sidium</span> <span class='ocrx_word' id='word_1_349' title='bbox 178 3383 228 3435; x_wconf 86' lang='lat' dir='ltr'>wie</span> <span class='ocrx_word' id='word_1_350' title='bbox 247 3383 337 3434; x_wconf 84' lang='lat' dir='ltr'>Them.</span> <span class='ocrx_word' id='word_1_351' title='bbox 356 3386 381 3448; x_wconf 88' lang='lat'>8,</span> <span class='ocrx_word' id='word_1_352' title='bbox 400 3387 423 3435; x_wconf 86' lang='lat'>5.</span> 
     </span>
    </p>

    <p class='ocr_par' dir='ltr' id='par_1_10' title="bbox 56 3451 1140 3584">
     <span class='ocr_line' id='line_1_41' title="bbox 129 3451 1139 3519; baseline -0.001 -15"><span class='ocrx_word' id='word_1_353' title='bbox 129 3455 156 3505; x_wconf 83' lang='lat'>5.</span> <span class='ocrx_word' id='word_1_354' title='bbox 172 3455 203 3502; x_wconf 80' lang='lat' dir='ltr'>io</span> <span class='ocrx_word' id='word_1_355' title='bbox 221 3467 323 3502; x_wconf 73' lang='lat' dir='ltr'>summo</span> <span class='ocrx_word' id='word_1_356' title='bbox 343 3455 438 3502; x_wconf 83' lang='lat' dir='ltr'>timore</span> <span class='ocrx_word' id='word_1_357' title='bbox 457 3453 493 3503; x_wconf 89' lang='lat' dir='ltr'>‘in</span> <span class='ocrx_word' id='word_1_358' title='bbox 511 3452 555 3503; x_wconf 90' lang='lat' dir='ltr'>der</span> <span class='ocrx_word' id='word_1_359' title='bbox 574 3452 746 3505; x_wconf 86' lang='lat' dir='ltr'>drohendsten</span> <span class='ocrx_word' id='word_1_360' title='bbox 764 3453 853 3519; x_wconf 85' lang='lat' dir='ltr'>Lage&#39;:</span> <span class='ocrx_word' id='word_1_361' title='bbox 880 3455 961 3502; x_wconf 83' lang='lat' dir='ltr'>timor</span> <span class='ocrx_word' id='word_1_362' title='bbox 980 3451 1059 3516; x_wconf 75' lang='lat' dir='ltr'>diter,</span> <span class='ocrx_word' id='word_1_363' title='bbox 1084 3467 1139 3503; x_wconf 88' lang='lat' dir='ltr'>was</span> 
     </span>
     <span class='ocr_line' id='line_1_42' title="bbox 56 3518 1140 3584; baseline 0 -12"><span class='ocrx_word' id='word_1_364' title='bbox 56 3520 156 3572; x_wconf 88' lang='lat' dir='ltr'>Furcbt</span> <span class='ocrx_word' id='word_1_365' title='bbox 178 3518 300 3572; x_wconf 83' lang='lat' dir='ltr'>erweckt.</span> <span class='ocrx_word' id='word_1_366' title='bbox 328 3549 361 3558; x_wconf 91' lang='lat'>-</span> <span class='ocrx_word' id='word_1_367' title='bbox 388 3520 435 3571; x_wconf 81' lang='lat' dir='ltr'>sed</span> <span class='ocrx_word' id='word_1_368' title='bbox 461 3526 492 3571; x_wconf 84' lang='lat' dir='ltr'>ut</span> <span class='ocrx_word' id='word_1_369' title='bbox 508 3546 543 3567; x_wconf 86' lang='lat'>=</span> <span class='ocrx_word' id='word_1_370' title='bbox 570 3521 615 3573; x_wconf 88' lang='lat' dir='ltr'>sed</span> <span class='ocrx_word' id='word_1_371' title='bbox 643 3521 679 3572; x_wconf 87' lang='lat' dir='ltr'>ita</span> <span class='ocrx_word' id='word_1_372' title='bbox 698 3520 784 3584; x_wconf 76' lang='lat' dir='ltr'>(niiml.</span> <span class='ocrx_word' id='word_1_373' title='bbox 812 3536 874 3573; x_wconf 89' lang='lat' dir='ltr'>suae</span> <span class='ocrx_word' id='word_1_374' title='bbox 899 3519 992 3572; x_wconf 88' lang='lat' dir='ltr'>salutis</span> <span class='ocrx_word' id='word_1_375' title='bbox 1018 3519 1140 3573; x_wconf 89' lang='lat' dir='ltr'>auxilium</span> 
     </span>
    </p>

    <p class='ocr_par' dir='ltr' id='par_1_11' title="bbox 77 3587 209 3647">
     <span class='ocr_line' id='line_1_43' title="bbox 77 3587 209 3647; baseline -0.015 -7"><span class='ocrx_word' id='word_1_376' title='bbox 77 3587 144 3647; x_wconf 80' lang='lat' dir='ltr'>enit)</span> <span class='ocrx_word' id='word_1_377' title='bbox 172 3591 209 3639; x_wconf 87' lang='lat' dir='ltr'>ut.</span> 
     </span>
    </p>

    <p class='ocr_par' dir='ltr' id='par_1_12' title="bbox 54 3605 1143 3860">
     <span class='ocr_line' id='line_1_44' title="bbox 56 3605 1143 3723; baseline 0 -14"><span class='ocrx_word' id='word_1_378' title='bbox 56 3605 74 3657; x_wconf 71' lang='lat' dir='ltr'><strong>P</strong></span> <span class='ocrx_word' id='word_1_379' title='bbox 130 3627 155 3710; x_wconf 52' lang='grc' dir='ltr'><strong>θῖ</strong></span> <span class='ocrx_word' id='word_1_380' title='bbox 183 3659 267 3707; x_wconf 77' lang='lat' dir='ltr'>biems</span> <span class='ocrx_word' id='word_1_381' title='bbox 290 3655 446 3706; x_wconf 82' lang='lat' dir='ltr'>‘Unwctter&#39;.</span> <span class='ocrx_word' id='word_1_382' title='bbox 472 3683 504 3694; x_wconf 92' lang='lat'>-</span> <span class='ocrx_word' id='word_1_383' title='bbox 530 3657 652 3706; x_wconf 81' lang='lat' dir='ltr'>civilibus</span> <span class='ocrx_word' id='word_1_384' title='bbox 678 3652 853 3723; x_wconf 75' lang='lat' dir='ltr'>‘politischen’.</span> <span class='ocrx_word' id='word_1_385' title='bbox 890 3653 949 3721; x_wconf 77' lang='lat' dir='ltr'>Vgt.</span> <span class='ocrx_word' id='word_1_386' title='bbox 974 3672 994 3707; x_wconf 88' lang='lat' dir='ltr'>c.</span> <span class='ocrx_word' id='word_1_387' title='bbox 1019 3659 1042 3720; x_wconf 87' lang='lat'>6,</span> <span class='ocrx_word' id='word_1_388' title='bbox 1064 3660 1086 3709; x_wconf 84' lang='lat' dir='ltr'>t.</span> <span class='ocrx_word' id='word_1_389' title='bbox 1107 3685 1143 3695; x_wconf 57' lang='grc'>-»</span> 
     </span>
     <span class='ocr_line' id='line_1_45' title="bbox 56 3721 1141 3790; baseline 0 -14"><span class='ocrx_word' id='word_1_390' title='bbox 56 3724 290 3789; x_wconf 77' lang='lat' dir='ltr'>incolumitatem,</span> <span class='ocrx_word' id='word_1_391' title='bbox 308 3722 564 3790; x_wconf 79' lang='lat' dir='ltr'>‘Selbsterhaltung’,</span> <span class='ocrx_word' id='word_1_392' title='bbox 582 3724 690 3776; x_wconf 85' lang='lat' dir='ltr'>umfasst</span> <span class='ocrx_word' id='word_1_393' title='bbox 713 3721 850 3788; x_wconf 79' lang='lat' dir='ltr'>cigentlicb</span> <span class='ocrx_word' id='word_1_394' title='bbox 868 3738 917 3774; x_wconf 91' lang='lat' dir='ltr'>nur</span> <span class='ocrx_word' id='word_1_395' title='bbox 933 3723 1076 3790; x_wconf 84' lang='lat' dir='ltr'>Erhaltung</span> <span class='ocrx_word' id='word_1_396' title='bbox 1094 3723 1141 3776; x_wconf 90' lang='lat' dir='ltr'>des</span> 
     </span>
     <span class='ocr_line' id='line_1_46' title="bbox 54 3790 935 3860; baseline 0 -14"><span class='ocrx_word' id='word_1_397' title='bbox 54 3793 168 3858; x_wconf 88' lang='lat' dir='ltr'>Lebens,</span> <span class='ocrx_word' id='word_1_398' title='bbox 187 3790 256 3845; x_wconf 89' lang='lat' dir='ltr'>steht</span> <span class='ocrx_word' id='word_1_399' title='bbox 274 3793 334 3844; x_wconf 85' lang='lat' dir='ltr'>aber</span> <span class='ocrx_word' id='word_1_400' title='bbox 352 3791 407 3843; x_wconf 88' lang='lat' dir='ltr'>bier</span> <span class='ocrx_word' id='word_1_401' title='bbox 425 3791 577 3860; x_wconf 77' lang='lat' dir='ltr'>bbertragen</span> <span class='ocrx_word' id='word_1_402' title='bbox 594 3793 620 3844; x_wconf 90' lang='lat' dir='ltr'>in</span> <span class='ocrx_word' id='word_1_403' title='bbox 639 3791 756 3843; x_wconf 87' lang='lat' dir='ltr'>weiterer</span> <span class='ocrx_word' id='word_1_404' title='bbox 773 3790 935 3858; x_wconf 76' lang='lat' dir='ltr'>Bedeutung.</span> 
     </span>
    </p>
   </div>
   <div class='ocr_carea' id='block_1_5' title="bbox 0 0 1301 4372">
    <p class='ocr_par' dir='ltr' id='par_1_13' title="bbox 0 0 1301 4372">
     <span class='ocr_line' id='line_1_47' title="bbox 0 0 1301 4372; baseline 0 0"><span class='ocrx_word' id='word_1_405' title='bbox 0 0 1301 4372; x_wconf 95' lang='lat' dir='ltr'> </span> 
     </span>
    </p>
   </div>
  </div>
 </body>
</html>
