2580 4372
20 21 138 198 s
152 165 193 239 44
542 169 594 219 Vll.
612 167 804 220 ALCIBIADES.
823 172 846 219 4.

152 342 238 424 sium,
254 343 343 418 idque
359 359 421 400 non
436 342 471 401 ad
486 341 668 418 religionem,
692 341 744 402 sed
759 342 794 400 ad
815 341 1050 403 coniurationem
1072 340 1228 418 pertinere

152 428 380 489 existimabatur.
479 469 480 472 ,

118 523 139 584 4
236 512 301 572 Hoc
321 510 445 572 crimine
466 511 496 571 in
520 511 658 572 contione
680 510 716 572 ab
737 511 865 571 inimicis
888 510 1126 588 compellabatur.
1165 509 1228 571 Sed

152 598 278 659 instabat
292 605 410 676 tempus
433 597 469 657 ad
483 596 593 657 bellum
614 596 832 676 proficiscendi.
862 596 896 655 ld
916 595 965 656 ille
987 596 1107 655 intuens
1122 612 1227 673 neque

152 683 292 760 ignorans
309 683 416 743 civium
431 700 553 743 suorum
579 681 824 762 consuetudinem
839 681 1020 759 postulabat,
1046 681 1071 741 si
1094 680 1166 759 quid
1189 681 1228 740 de

152 787 184 828 se
208 769 253 847 agi
279 770 401 843 vellent,
428 767 528 846 potius
550 767 586 828 de
601 776 755 848 praesente
773 767 905 846 quaestio
926 765 1100 838 haberetur,
1133 783 1226 843 quam

36 898 39 903 -
121 855 257 914 2absens
280 852 404 913 invidiae
426 852 549 912 crimine
571 862 768 915 accusaretur.
805 852 920 912 lnimici
942 870 1010 912 vero
1037 851 1100 911 eius
1122 850 1227 929 quies-

153 939 279 999 cendum
300 939 331 999 in
354 937 607 1016 praesenti,quia
628 939 730 998 noceri
752 956 814 997 non
835 956 923 1016 posse
945 935 1171 1014 intellegebant,
1198 945 1229 996 et

152 1023 224 1083 illud
246 1030 363 1102 tempus
385 1023 614 1102 exspectandum
630 1023 838 1096 decreverunt,
863 1041 922 1101 quo
938 1023 1052 1096 exisset,
1068 1029 1101 1080 ut
1115 1022 1227 1081 absen-

31 1142 34 1146 ·
122 1119 137 1168 3
151 1117 210 1170 tem
225 1108 475 1187 aggrederentur3
497 1109 596 1187 itaque
611 1109 754 1169 lecerunt.
785 1108 858 1168 Nam
873 1115 1030 1186 postquam
1046 1107 1077 1167 in
1093 1106 1227 1167 Siciliam

153 1194 601 1272 eumpervenissecrediderunt,
610 1195 771 1268 absentem,
784 1194 863 1272 quod
875 1212 957 1254 sacra
975 1193 1119 1264 violasset,
1138 1209 1227 1252 reum

151 1280 295 1339 lecerunt.
332 1278 395 1349 Qua
418 1280 454 1340 de
480 1297 599 1339 recum
623 1280 650 1340 ei
671 1279 795 1340 nuntius
817 1298 832 1338 a
853 1279 1025 1356 magistratu
1046 1279 1077 1338 in
1093 1277 1227 1337 Siciliam

151 1365 260 1424 missus
276 1372 367 1437 esset,
390 1372 423 1425 ut
444 1364 564 1424 domum
580 1366 616 1425 ad
631 1383 748 1424 causam
770 1364 923 1424 dicendam
938 1364 1062 1438 rediret,
1086 1373 1227 1440 essetque

151 1449 183 1509 in
199 1467 304 1527 magna
319 1466 372 1526 spe
386 1449 554 1527 provinciae
569 1449 645 1509 bene
659 1444 914 1522 administrandae,
931 1468 992 1508 non
1006 1466 1112 1527 parere
1128 1447 1228 1508 noluit

152 1543 181 1596 et
195 1534 226 1595 in
240 1533 375 1609 trierem,
398 1552 472 1612 quae
494 1535 530 1594 ad
552 1552 619 1594 eum
642 1544 703 1595 erat
725 1534 939 1614 deportandum
954 1535 1058 1607 missa,
1081 1532 1226 1594 ascendit.

120 1617 212 1679 4Hac
234 1618 363 1679 Thurios
391 1619 422 1678 in
443 1618 554 1679 ltaliam
582 1628 736 1700 pervectus
745 1615 756 1695 ,’
779 1622 870 1681 multa
892 1639 992 1680 secum
1019 1627 1162 1697 reputans
1187 1617 1225 1677 de

150 1704 341 1766 immoderata
356 1703 463 1764 civium
478 1723 601 1766 suorum
616 1706 733 1766 licentia
749 1705 981 1784 crudelitateque
1004 1722 1073 1781 erga
1095 1703 1224 1775 nobiles,

150 1790 340 1850 utilissimum
365 1798 446 1851 ratus
461 1790 679 1869 impendentem
702 1792 809 1852 evitare
830 1798 1033 1870 tempestatem
1049 1789 1123 1849 clam
1138 1807 1171 1848 se
1187 1785 1224 1847 ab

151 1874 323 1935 custodibus
338 1874 477 1935 subduxit
492 1883 521 1934 et
537 1877 605 1937 inde
620 1877 749 1954 primum
763 1876 887 1948 Elidem,
904 1875 971 1935 dein
994 1874 1109 1934 Thebas
1132 1871 1223 1933 venit.

120 1959 309 2038 5Postquam
331 1967 427 2020 autem
449 1979 480 2019 se
505 1961 608 2039 capitis
630 1961 798 2022 damnatum
819 1959 906 2021 bonis
930 1959 1087 2037 publicatis
1113 1957 1224 2019 audivit

219 2127 391 2190 religionem,
419 2127 494 2178 nami.
521 2127 575 2180 ihre
599 2127 781 2194 Verhdbnung.
805 2156 837 2165 —
858 2131 994 2193 pertinere
1018 2128 1051 2177 ‘in
1076 2126 1225 2192 Beziehung

52 2238 56 2245 .
151 2193 532 2261 stehn’‚‘zusam1nenhingen'.

219 2259 248 2316 4.
269 2265 292 2312 l..
310 2263 371 2314 Hoc
389 2265 501 2313 cadmiae
518 2263 573 2313 ‘mit
590 2263 673 2314 dieser
692 2263 906 2329 Beschuldigung’
932 2261 993 2314 oder
1013 2266 1113 2328 ‘wegen
1138 2261 1223 2314 dieses

150 2328 342 2382 Verbrechcns‘.
377 2330 450 2382 Dieee
468 2331 555 2382 Worte
573 2331 675 2382 kbnnen
700 2331 843 2398 sprachlich
865 2347 912 2381 nur
933 2331 980 2381 aul
998 2331 1039 2383 die
1063 2330 1224 2395 Nechaitlung

150 2398 194 2450 der
211 2398 351 2466 Mysterien
368 2400 444 2466 gehn.
462 2427 496 2438 —-
514 2401 673 2467 compellare
690 2403 743 2452 ‘zur
760 2399 830 2452 Rede
848 2400 957 2452 stellen'.

219 2470 316 2518 civium
333 2483 443 2518 suorum
462 2469 687 2531 conmotudinem,
704 2469 744 2519 ihr
760 2469 912 2520 Misstrauen
937 2482 1019 2534 gegen
1037 2465 1224 2532 hochgestellte

149 2534 262 2599 llldnner,
287 2535 397 2587 welches
422 2536 459 2588 sie
486 2537 525 2587 fiir
546 2537 786 2603 Verdaehttgungen
815 2537 893 2588 leicht
916 2535 1086 2600 empffinglich
1114 2534 1223 2586 machte.

147 2603 176 2722 ᾖ.
194 2603 258 2654 lllilt.
278 2606 301 2652 8.
338 2602 426 2654 Them.
445 2606 469 2666 8,
489 2608 511 2655 l.
547 2605 629 2657 Ueber
653 2607 791 2669 postulare
816 2605 862 2654 mit
888 2603 945 2654 dem
972 2603 1074 2654 blossen
1093 2603 1165 2666 Conj.
1190 2617 1222 2654 zu

174 2672 212 2724 ru.
232 2675 255 2735 1,
273 2674 297 2722 4.

219 2740 337 2788 incidiae
356 2741 467 2787 crimine
484 2738 537 2789 ‘aul
557 2739 613 2791 eine
631 2739 838 2806 Beschuldigung
861 2739 906 2791 des
924 2740 1033 2803 haeses,
1057 2738 1155 2790 welche
1179 2737 1224 2789 der

150 2807 214 2858 Hass
233 2805 354 2858 ersunden
372 2805 447 2857 habe.

219 2877 242 2926 2.
263 2879 291 2925 c'n
308 2878 450 2938 praecanti.
477 2874 503 2927 S.
521 2890 553 2925 zu
570 2875 633 2926 Mitt.
653 2879 676 2938 l,
695 2878 718 2927 6,
738 2903 771 2912 -
788 2880 878 2940 itaque
896 2902 930 2921 =
947 2879 973 2926 et
990 2875 1033 2927 ita.

219 2946 242 2995 3.
260 2958 340 2993 sacro
358 2943 483 2992 violasset
498 2944 589 3010 ‘gegen
607 2943 648 2996 die
657 2943 773 3010 Religion
784 2943 834 3003 (die
843 2943 989 3011 Mysterien)
1009 2941 1221 3009 gefrevelthabe'.

150 3040 184 3048 —
201 3015 312 3061 arcobus
329 3010 485 3063 ‘Botscbalt'.

217 3083 387 3144 megisti-ato.
423 3080 482 3131 llier
505 3079 545 3131 ein
564 3079 692 3141 Beamter;
717 3080 749 3132 da
775 3079 889 3132 derselbe
912 3081 971 3131 aber
994 3078 1064 3130 nicht
1081 3077 1161 3130 nither
1177 3078 1221 3128 be-

149 3146 246 3199 stimmt
263 3148 305 3211 ist,
321 3147 455 3199 tibersetze
472 3149 521 3199 wie
540 3147 627 3200 Them.
646 3152 670 3211 7,
688 3152 712 3200 4.
731 3177 764 3188 -
781 3146 1060 3213 provincia‘huftrag’.
1078 3177 1112 3184 —
1132 3148 1222 3196 triech

150 3219 213 3267 statt
231 3215 277 3267 des
295 3215 490 3282 gewohnlichen
509 3220 634 3267 trireme
661 3217 745 3269 Ueber
763 3217 907 3267 ascendere
925 3231 945 3268 s.
963 3230 994 3265 zu
1013 3214 1100 3266 Them.
1120 3218 1144 3278 8,
1162 3218 1187 3267 6.

217 3287 241 3335 4.
272 3299 337 3348 ergo
361 3283 395 3334 im
417 3283 569 3336 feindlichen
594 3283 655 3336 Sinn
679 3286 713 3336 ist
735 3300 816 3351 gegen
840 3284 889 3335 den
913 3283 1045 3335 Gebreuch
1070 3283 1114 3334 der
1130 3283 1221 3334 besteu

148 3349 337 3404 Schriftsteller.
356 3379 387 3388 —
406 3358 490 3405 retus.
517 3353 542 3406 S.
560 3369 592 3404 zu
610 3355 662 3406 Act.
681 3357 706 3416 4,
724 3357 748 3406 3.

218 3425 242 3472 5.
261 3423 358 3486 cupitis
380 3422 445 3472 ‘zum
463 3420 550 3473 Tode’.
584 3421 610 3472 S.
634 3439 666 3473 zu
683 3421 746 3472 Milt.
765 3426 789 3485 7,
814 3424 836 3472 6.
855 3449 890 3457 -
908 3420 982 3470 tonis
1002 3419 1148 3484 publicatos
1166 3416 1222 3468 ‘mit

148 3485 307 3555 llinziehung
325 3488 371 3540 des
388 3487 562 3556 Venndgens'.
591 3489 635 3542 Die
653 3489 764 3540 Ablativi
783 3488 893 3540 absoluti
915 3487 1069 3540 bezeichnen
1091 3490 1157 3537 trotz
1175 3484 1220 3536 des

148 3553 314 3621 Participium
331 3555 440 3609 Perleoti
458 3558 506 3609 den
524 3557 715 3624 begleitenden,
733 3556 926 3624 gleichzeitigen
944 3554 1083 3621 Umstand,
1109 3555 1150 3606 ein
1173 3553 1220 3604 Ge·

149 3622 253 3688 brauch,
271 3624 316 3676 der
334 3627 427 3692 spdten
446 3627 495 3678 seit
511 3626 611 3691 Livius,
636 3626 707 3678 nicht
730 3625 928 3692 uugewdhnlich
945 3626 987 3676 ist.
1016 3624 1108 3689 Zumpt
1127 3627 1142 3687 ξ
1162 3625 1219 3674 641.

148 3689 252 3758 Madvig
270 3694 285 3758 ξ
304 3696 352 3746 431
372 3695 446 3745 Anm.
465 3697 488 3745 2.

218 3760 248 3810 id
265 3761 338 3826 qood
353 3778 404 3812 ceu
423 3768 533 3812 emeret
553 3762 587 3812 ist
611 3761 792 3827 binzugeliigt,
816 3761 875 3813 weil
899 3759 954 3810 dies
972 3758 1068 3810 Zweite
1091 3759 1150 3810 sehr
1167 3756 1221 3810 aul-

147 3826 220 3894 satllig
239 3844 299 3881 war.
338 3828 390 3883 Usu
407 3831 440 3882 ist
458 3830 499 3881 die
517 3830 595 3881 altere
612 3829 686 3880 Form
705 3830 750 3882 des
767 3829 855 3880 Dativs
873 3829 912 3880 ltu
929 3830 998 3878 cmi.
