2580 4372
130 210 167 272 16
529 215 546 266 1.
564 214 742 268 tributurus
762 219 785 267 i,

96 396 111 447 2
126 387 273 448 civitatum
288 405 352 448 esse
367 394 509 447 naturam.
542 385 578 447 Ut
593 387 671 447 enim
686 387 790 466 populi
804 387 928 448 Romani
949 388 1080 447 honores
1095 405 1190 464 quon-

127 473 191 533 dam
202 472 323 532 fueruut
333 471 391 531 rari
403 479 432 532 et
445 471 594 532 tenuesob
602 490 723 551 eamque
736 490 852 532 causam
864 472 993 550 gloriosi,
1001 489 1082 532 nunc
1093 479 1190 531 autem

128 557 211 619 effusi
234 565 321 634 atque
344 556 484 631 obsoleti,
513 556 556 616 sic
577 556 647 616 olim
675 557 753 636 apud
775 556 968 617 Athenienses
995 556 1084 616 fuisse
1105 574 1191 634 repe-

97 649 112 700 3
127 642 229 702 rimus.
259 641 390 718 Namque
406 641 475 701 huic
490 640 621 715 Miltiadi,
637 641 705 720 quia
720 643 848 702 Athenas
870 649 1019 719 totamque
1043 640 1190 701 Graeciam

26 736 29 744 '
126 726 270 798 liberarat,
287 726 351 786 talis
363 727 459 786 honos
469 724 596 786 tributus
609 734 661 799 est,
673 726 702 786 in
716 726 842 805 porticu,
852 744 926 805 quae
937 725 1051 786 Poecile
1063 735 1190 796 vocatur,

127 830 193 871 cum
216 828 315 890 pugna
337 810 547 889 depingeretur
568 810 765 880 Marathonia,
788 811 873 871 utin
896 811 996 871 decern
1022 818 1191 889 praetorum

127 915 250 956 numero
274 896 366 974 prima
386 896 451 956 eius
472 895 566 972 imago
597 904 760 975 poneretur
781 895 865 974 isque
893 896 1061 955 hortaretur
1085 895 1192 955 milites

95 996 110 1046 4
126 981 331 1060 proeliumque
347 980 549 1041 committeret.
579 980 659 1040 Idem
674 981 723 1041 ille
738 980 868 1060 populus
888 988 1076 1058 posteaquam
1098 980 1192 1040 maius

127 1066 283 1144 imperium
306 1074 350 1126 est
372 1073 474 1126 nactus
501 1071 529 1125 et
549 1064 704 1143 largitione
726 1066 949 1144 magistratuum
965 1071 1122 1144 corruptus
1138 1071 1191 1137 est,

126 1159 271 1212 trecentas
287 1158 395 1211 statuas
410 1149 557 1211 Demetrio
572 1149 714 1210 Phalereo
730 1151 865 1212 decrevit.

93 1249 112 1308 7
210 1235 281 1295 Post
301 1236 357 1295 hoc
378 1235 523 1314 proelium
545 1234 667 1296 classem
680 1255 735 1295 Lxx
758 1235 873 1296 navium
891 1235 1083 1296 Athenienses
1099 1232 1191 1293 eidem

127 1319 246 1381 Miltiadi
259 1320 412 1394 dederunt,
426 1328 458 1380 ut
467 1319 588 1393 insulas,
598 1339 672 1399 quae
683 1319 822 1381 barbaros
838 1320 1016 1392 adiuverant,
1032 1318 1109 1379 bello
1125 1336 1191 1396 per·

126 1416 309 1482 sequeretur.
351 1405 416 1475 Quo
437 1404 560 1484 imperio
581 1404 736 1483 plerasque
757 1406 790 1465 ad
813 1405 943 1465 officium
963 1405 1060 1465 redire
1086 1403 1192 1478 coegit,

97 1504 112 1554 2
128 1490 287 1551 nonnullas
304 1490 328 1550 ri
351 1488 535 1568 expugnavit.
573 1490 616 1549 Ex
630 1489 677 1549 his
699 1488 806 1549 Parum
828 1489 954 1550 insulam
969 1489 1075 1568 opibus
1091 1487 1193 1548 elatam

128 1594 194 1635 cum
211 1575 342 1635 oratione
358 1573 548 1635 reconciliare
570 1593 629 1634 uon
645 1582 760 1653 posset,
783 1575 883 1653 copias
904 1592 921 1634 e
941 1574 1063 1635 navibus
1085 1572 1192 1646 eduxit,

23 1664 25 1669 ’
128 1661 231 1721 urbem
246 1659 385 1738 operibus
401 1659 504 1720 clausit
519 1658 659 1738 omnique
673 1668 836 1721 commeatu
852 1659 987 1738 privavit;
1011 1659 1078 1718 dein
1100 1657 1193 1718 vineis

1 1741 3 1750 '
97 1759 112 1809 3
127 1764 160 1806 ac
175 1744 372 1806 testudinibus
388 1743 554 1804 constitutis
570 1744 693 1823 propius
708 1763 809 1805 muros
824 1745 957 1805 accessit.
995 1744 1067 1805 Cum
1090 1743 1146 1803 iam
1163 1742 1192 1802 in

127 1849 162 1890 eo
185 1842 277 1903 esset,
300 1838 333 1889 ut
348 1829 457 1907 oppido
480 1829 636 1907 potiretur,
659 1829 763 1907 procul
785 1830 816 1889 in
839 1828 1004 1889 continenti
1019 1828 1120 1901 lucus,
1142 1827 1193 1904 qui

127 1933 162 1976 ex
184 1914 281 1974 insula
303 1913 554 1992 conspiciebatur,
584 1913 766 1991 nescioquo
789 1932 858 1973 casu
888 1922 1036 1973 nocturno
1061 1921 1194 1990 ternpore

128 2000 267 2060 incensus
289 2006 341 2058 est.
387 1997 476 2058 Cuius
503 1998 616 2058 flamma
637 2005 669 2057 ut
690 1997 726 2058 ab
747 1998 903 2077 oppidanis
929 2006 957 2058 et
982 1995 1193 2076 oppugnatori-

127 2084 183 2144 bus
199 2090 243 2145 est
257 2083 334 2157 visa,
357 2082 491 2160 utrisque
512 2081 643 2142 venitin
668 2082 839 2161 opinionem
862 2082 980 2160 signum
1001 2101 1016 2143 a
1040 2081 1194 2142 classiariis

97 2182 113 2232 a
127 2170 205 2246 regis
216 2169 324 2229 datum.
348 2167 413 2238 Quo
424 2167 533 2227 factum
544 2175 598 2242 est,
611 2175 644 2228 ut
655 2174 684 2227 et
692 2167 770 2228 Parii
780 2187 797 2228 a
807 2167 952 2228 deditione
964 2168 1193 2238 deterrerentur,

128 2262 156 2314 et
167 2253 319 2327 Miltiades,
331 2251 448 2328 timens,
461 2271 498 2313 ne
510 2251 612 2313 classis
624 2252 703 2331 regia
714 2253 890 2328 adventaret,
903 2252 1032 2314 incensis
1044 2251 1193 2331 operibus,

195 2455 219 2504 2.
238 2452 274 2502 Zu
293 2469 365 2505 etune
381 2452 454 2517 wird,
480 2453 529 2505 wie
546 2453 629 2505 dieses
647 2453 720 2505 Wort
743 2454 852 2520 anzeigt‚
869 2459 932 2503 eunt
949 2469 994 2505 aus
1011 2452 1123 2514 suerunt
1140 2461 1195 2505 eut-

128 2535 252 2573 nommen.
288 2520 378 2584 diffini
395 2522 458 2573 iasst
475 2521 516 2574 die
535 2521 691 2588 Gegensdtze
709 2525 838 2574 vennere·
855 2528 880 2571 et
897 2527 987 2572 tenaces
1005 2536 1158 2573 zusammen.

195 2592 218 2640 3.
237 2586 337 2640 Consti.
363 2591 424 2641 talis
433 2591 516 2639 bonos
526 2591 640 2640 tributus
658 2595 703 2653 eet,
722 2596 759 2653 ut,
778 2605 837 2640 eum
845 2593 874 2638 in
892 2592 1007 2653 porticu,
1016 2605 1083 2654 quae
1092 2589 1194 2641 Poecile

128 2662 248 2720 vocabu,
265 2672 360 2721 pugna
378 2655 552 2707 dlurathonio
570 2657 768 2723 depingeretur,
778 2661 806 2707 in
817 2657 905 2707 decem
922 2672 947 2706 u.
965 2671 985 2707 s.
1006 2673 1037 2706 w.
1063 2657 1194 2724 Dieobige

127 2724 302 2790 Stellungron
320 2729 351 2774 ut
367 2725 428 2775 liebt
448 2724 477 2775 N.
501 2725 602 2776 Poecile
619 2724 747 2789 (Ποικίλη,
761 2721 925 2788 nimietati)
940 2722 1193 2786 ‘diebuntetllallet’.

127 2793 162 2845 So
180 2791 247 2842 hiess
262 2792 299 2843 sie
316 2807 407 2859 wegen
425 2791 469 2843 der
486 2791 544 2844 dort
561 2791 730 2845 befindlichen
748 2793 876 2847 Gemalde.
893 2823 927 2830 -
942 2795 1032 2857 prima
1048 2799 1194 2858 poneretur

127 2860 176 2911 ‘die
195 2864 261 2912 erste
278 2859 356 2912 Stelle
374 2860 480 2911 erhielt’.

196 2931 219 2979 t.
240 2928 384 2993 largitione
402 2931 617 2994 magistratuum,
635 2929 714 2979 durch
733 2928 878 2995 Beselduug
896 2928 940 2979 des
957 2926 1038 2978 Volks
1060 2927 1099 2978 fiir
1125 2929 1195 2980 seine

128 2995 292 3046 Theilnahme
310 3010 342 3047 au
361 2995 405 3047 der
422 2996 567 3063 Regiorung
591 2997 642 3048 und
661 2997 779 3064 Speudeu
803 2996 844 3048 bei
862 2994 1025 3062 Gelegeuheit
1043 2995 1087 3047 der
1110 2995 1195 3063 Spiele

128 3063 180 3114 und
198 3063 275 3129 Opser
292 3062 337 3116 des
355 3063 449 3116 Staats.
484 3065 554 3116 Alles
572 3064 626 3116 dies
644 3064 732 3116 wurde
755 3066 815 3116 aber
832 3063 902 3116 nicht
920 3079 969 3114 rou
992 3062 1040 3115 den
1065 3064 1195 3125 Beamteu‚

127 3130 237 3184 sondern
255 3130 318 3182 nach
337 3132 503 3198 gesetzlicher
520 3133 694 3200 Bestimmuug
711 3148 770 3183 rom
788 3131 860 3184 Staat
877 3131 1000 3199 gegeben.
1010 3161 1043 3169 —
1060 3133 1195 3183 Demetrio

129 3201 263 3250 Phalereo.
299 3200 325 3251 S.
344 3215 375 3250 zu
392 3199 470 3252 Phoc.
489 3203 514 3263 3,
535 3205 556 3252 l.

199 3264 226 3322 ’1.
249 3272 269 3319 l.
289 3270 338 3319 489
356 3283 381 3318 r.
401 3267 445 3318 Ch.
464 3295 498 3304 —-
519 3267 577 3326 Quo
596 3271 715 3333 imperio.
734 3267 791 3320 Abl.
815 3268 939 3327 iustmm,
962 3266 1023 3318 hura
1045 3267 1086 3318 tin
1108 3266 1195 3318 ‘durch

128 3335 169 3386 die
187 3335 269 3387 blittel
287 3335 370 3388 dieses
385 3338 542 3402 imperium'.
578 3335 730 3387 Uebersetze
748 3336 802 3385 ‘mit
819 3335 901 3386 dieser
918 3335 1070 3402 Besugniss'.⁸

198 3407 221 3454 2.
238 3407 349 3469 propius
366 3420 457 3455 murm
474 3404 508 3455 ist
525 3419 555 3454 zu
574 3403 719 3455 verbiudeu.
745 3402 848 3470 Madvig
866 3403 882 3467 ξ
900 3406 950 3456 472
968 3405 1041 3455 Auru.
1060 3407 1083 3454 t.

198 3475 221 3523 3.
240 3475 266 3519 in
292 3489 322 3522 eo
345 3478 384 3522 est
403 3473 438 3523 ist
460 3478 525 3523 stete
547 3471 716 3538 impersonell.
750 3469 783 3522 Es
801 3469 865 3521 wird
884 3471 952 3523 nicht
970 3488 1021 3524 rou
1038 3469 1087 3521 den
1105 3469 1194 3521 besteu

129 3537 326 3590 Schrissstellcru
344 3540 489 3605 gebrauchl.

199 3610 318 3671 utrisque
336 3612 408 3657 uenit
428 3613 456 3658 in
479 3612 630 3675 opinionem
642 3607 691 3673 eig.
709 3607 776 3658 ‘kam
794 3622 821 3658 es
839 3607 934 3659 Beideu
952 3607 977 3656 in
995 3606 1036 3657 die
1052 3605 1194 3672 bieinuug':

130 3674 177 3724 wir
194 3673 322 3725 *rethelen
339 3675 415 3726 Beide
433 3677 478 3727 aut
493 3675 533 3727 die
551 3675 687 3742 ldeiuuug'.
713 3675 954 3727 llasGewdhuliehe
971 3674 1005 3725 ist
1024 3678 1095 3724 uenit
1112 3675 1196 3725 alicui

131 3745 159 3792 in
179 3749 298 3793 mentem.

197 3827 247 3859 rer
266 3810 326 3869 hier,
344 3811 378 3861 im
388 3811 532 3878 Folgenden
550 3811 601 3862 und
613 3818 685 3863 soust
702 3811 767 3863 diter
776 3811 820 3863 der
829 3810 1005 3877 Perserkouig,
1017 3811 1066 3862 wie
1075 3809 1116 3861 die
1125 3810 1195 3863 (irie-

128 3877 191 3928 chen
209 3877 333 3943 inuritis·
350 3879 519 3946 gebraucheu.
545 3880 644 3931 Ebenso
661 3884 752 3945 regius
769 3883 796 3945 (ξ
815 3884 849 3933 n.
868 3907 901 3918 -
919 3878 1019 3941 datium,
1039 3879 1113 3930 nami.
1131 3895 1196 3932 esse.
