2580 4372
167 175 225 236 176
312 160 315 165 ’
550 181 628 233 xxv,
647 181 793 235 arricus.
813 185 852 236 11.

133 365 147 414 3
162 353 296 415 bosiores
312 353 430 413 eliceret
446 355 595 433 epistulas.
641 354 683 414 Ex
700 372 759 432 quo
776 354 899 430 accidit,
918 372 984 414 cum
1001 355 1084 416 aedis
1103 355 1245 415 1111111-

165 438 244 498 retrli
262 439 292 497 in
310 437 472 516 Capitolio,
496 439 530 500 ab
546 439 673 499 Romulo
696 439 871 511 constituta,
894 447 1038 500 vetustate
1054 449 1146 518 atque
1161 441 1244 501 incu-

163 523 206 583 ria
222 523 334 583 detecta
349 524 569 601 prolaberetur,
586 534 619 584 ut
634 524 720 583 Attici
737 523 889 584 admonitu
906 524 1011 585 Caesar
1027 544 1093 585 eam
1108 525 1245 586 reficien-

134 608 230 669 tdam
255 616 381 668 curaret.
426 609 529 687 Neque
551 627 618 669 vero
642 628 657 668 a
680 609 718 667 ll.
735 609 865 669 Antonio
887 608 986 668 minus
1009 609 1120 669 absens
1143 610 1244 670 litteris

165 692 330 766 colebatur,
347 694 419 753 adeo
432 701 466 753 ut
476 702 611 754 accurate
623 692 670 752 ille
682 712 717 754 ex
732 693 843 754 ultimis
854 693 957 767 terris,
974 694 1047 771 quid
1058 703 1178 771 ageret,
1195 713 1243 754 cu-

135 790 149 839 5
164 797 213 838 rae
230 779 284 838 sibi
300 777 422 838 haberet
437 780 592 839 certiorem
607 779 703 838 facere
716 779 854 838 Atticum.
879 777 943 838 Hoc
957 780 1044 856 quale
1058 779 1115 854 sit,
1131 779 1243 840 lacilius

165 863 341 924 existimabit
352 864 393 937 is,
418 864 469 940 qui
481 864 611 924 iudicare
623 865 747 941 poterit,
765 872 892 941 quantae
908 864 946 923 sit
960 863 1127 942 sapientiae
1142 882 1243 926 eorum

163 949 291 1008 retinere
308 966 392 1007 usum
408 949 720 1026 benevolentiamque,
744 949 821 1008 inter
836 966 911 1025 quos
924 950 1123 1010 maximarum
1145 968 1243 1010 rerum

163 1052 224 1093 non
241 1034 337 1093 solum
361 1033 532 1108 aemulatio,
556 1035 607 1094 sed
623 1033 797 1093 obtrectatio
812 1041 892 1093 tanta
908 1032 1127 1109 intercedebat,
1151 1052 1243 1112 quan-

163 1129 221 1178 tam
244 1119 299 1178 luit
322 1118 452 1178 incidere
469 1137 591 1179 necesse
606 1118 684 1178 inter
701 1118 852 1178 Caesarem
868 1125 956 1195 atque
972 1119 1153 1194 Antonium,
1178 1137 1242 1179 cum

164 1222 195 1262 se
218 1211 344 1280 uterque
366 1203 533 1281 principem
549 1222 610 1263 non
626 1203 722 1263 solum
738 1202 820 1263 urbis
836 1203 962 1278 Romae,
985 1205 1040 1264 sed
1055 1204 1137 1264 orbis
1152 1211 1242 1264 terra-

163 1306 229 1347 rum
246 1307 310 1348 esse
327 1296 458 1365 cuperet.

114 1372 153 1432 21
251 1372 315 1432 Tali
337 1372 424 1432 modo
447 1390 514 1432 cum
536 1379 619 1431 11111
640 1391 697 1430 cxx
718 1390 812 1432 annos
836 1373 1014 1451 complesset
1034 1382 1126 1452 atque
1145 1374 1181 1434 ad
1197 1391 1243 1433 ex·

165 1465 289 1517 tremam
305 1466 488 1516 senectutem
505 1475 566 1516 non
582 1457 680 1516 minus
697 1456 838 1534 dignitate
854 1476 942 1535 quam
957 1458 1050 1536 gratia
1067 1460 1243 1535 fortunaque

77 1574 93 1605 ,ς
164 1543 304 1603 crevisset
327 1543 445 1614 (multas
467 1541 547 1603 enim
570 1542 745 1602 hereditates
768 1541 848 1602 nulla
871 1541 926 1604 alia
948 1561 981 1602 re
1003 1561 1093 1620 quam
1116 1543 1244 1603 bonitate

164 1637 342 1687 consecutus
358 1637 413 1697 estt
430 1635 569 1705 tantaque
585 1627 781 1704 prosperitate
797 1626 873 1686 usus‘
891 1635 970 1687 esset
990 1627 1184 1702 valetudinis,
1213 1635 1244 1687 ut

133 1712 249 1772 tannis
271 1732 327 1771 xxx
348 1712 492 1772 medicina
508 1730 568 1771 non
584 1711 775 1789 indiguisset,
799 1718 903 1772 nactus
919 1721 962 1773 est
977 1713 1133 1786 morbum,
1158 1730 1244 1790 quem

54 1798 60 1811 '
164 1797 248 1857 initio
261 1806 290 1856 et
301 1798 364 1874 ipse
376 1803 405 1856 et
414 1796 521 1857 medici
537 1803 790 1875 contempserunt.
814 1796 887 1856 Nam
903 1805 1048 1876 putarunt
1063 1816 1129 1858 esse
1145 1805 1244 1857 tenes-

132 1892 251 1955 3mon,
281 1881 328 1941 oui
350 1882 478 1942 remedia
500 1881 606 1941 celeria
626 1880 780 1958 faciliaque
801 1881 1056 1960 proponebantur.
1133 1881 1168 1942 ln
1190 1883 1245 1942 hoc

164 1985 232 2026 eum
254 1974 313 2025 tres
329 1985 447 2027 menses
469 1966 534 2025 sine
549 1965 618 2025 ullis
633 1965 803 2038 doloribus,
826 1978 1034 2045 praeterquam
1050 1985 1127 2045 quos
1144 1985 1180 2027 ex
1195 1984 1244 2025 cu·

163 2051 278 2110 ratione
295 2050 442 2128 capiebat,
459 2052 710 2128 consumpsisset,
727 2050 825 2110 subito
840 2058 920 2112 tanta
930 2052 978 2113 -vis
992 2051 1090 2112 morbi
1107 2052 1245 2112 inimum

233 2219 259 2268 3.
279 2215 324 2265 ue
341 2232 394 2281 quo
415 2216 463 2267 wie
480 2216 536 2267 Alc.
555 2219 579 2280 'l,
598 2218 621 2267 2.
641 2245 674 2253 -
699 2216 805 2268 accidit.
841 2216 894 2269 Vor
917 2233 977 2269 mem
999 2218 1033 2269 ist
1057 2224 1090 2268 ut
1113 2218 1246 2269 herculeu-

166 2283 285 2336 nehmen.
322 2283 346 2335 S.
366 2301 397 2335 zu
416 2283 480 2335 Mitt.
499 2289 522 2344 6,
542 2287 566 2337 3.
585 2313 618 2321 -—
634 2285 707 2334 aedis
726 2284 819 2336 andere
839 2285 913 2336 Form
932 2286 970 2336 1111
989 2285 1074 2337 aedes.

233 2356 349 2417 111111νὶ11,
368 2353 644 2418 ‘Vernaclrltissiguug',
664 2352 754 2417 gehort
773 2353 823 2404 wie
840 2359 970 2404 vetustate
987 2370 1019 2404 zu
1038 2352 1245 2417 detecte,‘nach-

166 2420 224 2472 dem
245 2435 272 2472 er
290 2420 334 2471 das
353 2421 422 2472 Dach
440 2421 575 2472 verioren’.
683 2453 687 2458 -

232 2493 256 2540 4.
285 2505 301 2538 e
320 2488 356 2539 M.
376 2491 503 2539 Antonio.
541 2487 566 2539 S.
584 2503 616 2538 zu
635 2503 658 2539 c.
680 2491 724 2551 12,
753 2492 772 2538 1.
807 2487 898 2537 Minue
920 2489 1011 2555 gehhrt
1038 2504 1070 2540 zu
1099 2489 1243 2551 colebatur,

165 2571 218 2608 was
238 2557 286 2607 wie
306 2560 346 2621 11,
364 2561 380 2608 4
398 2556 475 2608 steht.
510 2555 611 2606 Absens
630 2555 679 2605 wie
697 2555 752 2605 Dat.
775 2559 815 2617 to,
834 2558 857 2606 2.
1281 2556 1286 2573 ³

235 2625 333 2676 Constr.
353 2625 419 2675 adeo
438 2624 532 2674 atille
550 2640 631 2674 curce
648 2624 701 2672 eidi
718 2624 835 2688 haberet,
854 2640 888 2674 ece
905 2625 1008 2674 ultimis
1027 2628 1109 2674 terris
1118 2630 1244 2675 accurate

165 2695 305 2742 certiorem
323 2693 414 2753 secere
432 2692 560 2755 Atticum,
579 2692 646 2756 quid
663 2697 762 2755 ageret.

234 2776 315 2809 caerae
332 2763 384 2810 sibi
403 2762 518 2809 haberet.
553 2761 587 2810 Es
605 2763 717 2824 gendgte
736 2774 817 2808 curae
836 2759 946 2809 haberet
962 2756 1023 2809 oder
1041 2760 1085 2810 illi
1103 2760 1179 2824 (stati
1190 2760 1244 2821 illel

166 2842 247 2876 curae
266 2833 339 2879 esset.
363 2827 450 2877 lndess
469 2825 549 2876 findet
567 2825 622 2876 sich
636 2828 711 2888 jener
727 2825 779 2876 und
798 2824 1105 2879 'aihnlichePleonasmef
1114 2828 1245 2879 mitanter.

234 2898 258 2944 5.
278 2895 333 2944 Hoc
351 2895 430 2959 quale
448 2896 484 2943 sit
500 2895 565 2944 ‘was
584 2892 631 2945 das
649 2908 729 2960 sagea
740 2893 811 2944 will’.
832 2922 864 2932 ψ-
882 2897 1039 2946 111111111111
1057 2897 1108 2947 wie
1126 2912 1149 2948 c.
1171 2899 1246 2961 16,1.

166 2991 199 2999 -
227 2978 304 3013 acaum
332 2963 381 3029 eig.
411 2963 555 3029 ‘Umgang',
582 2961 637 3013 bier
663 2962 727 3012 auch
754 2977 805 3013 ron
831 2961 1025 3029 Abwesenden‚
1052 2962 1196 3017 ‘Verlxehr'.
1214 2993 1244 3000 —

164 3031 356 3097 uterque-nicht
373 3030 472 3094 ‘beide',
498 3030 608 3082 sondern
620 3029 699 3094 ‘jeder
709 3045 759 3081 von
769 3029 878 3080 beiden'.
888 3060 922 3068 -
930 3033 1083 3097 principem
1095 3032 1244 3084 ὅ(11111111.

234 3095 285 3154 21.
305 3103 327 3150 1.
347 3100 501 3164 complesset
535 3098 695 3149 ‘vollbracht'
714 3098 776 3149 oder
794 3097 934 3150 ‘vollendet
951 3099 1040 3154 hatte'.
1058 3130 1093 3138 —
1111 3101 1245 3165 dignitate

170 3169 218 3219 wie
237 3167 326 3218 Them.
345 3171 369 3231 8,
388 3170 416 3228 2;
434 3170 527 3232 gratie
554 3168 604 3218 wie
622 3182 643 3218 c.
663 3170 688 3231 2,
707 3170 735 3227 4;
754 3167 867 3228 fortuna
885 3166 1056 3234 ‘vermigen’.
1073 3197 1110 3206 —
1127 3170 1246 3219 bonitate

166 3237 215 3287 wie
234 3252 255 3287 c.
274 3239 298 3301 9,
319 3240 340 3286 1.
361 3264 393 3273 -
411 3251 476 3285 esus
495 3241 562 3284 esset
579 3235 627 3285 wie
648 3249 669 3285 c.
686 3238 724 3298 13,
746 3238 767 3285 t.

234 3310 265 3355 ut
281 3307 361 3354 annis
378 3319 430 3353 xxx
447 3303 581 3352 medicine
600 3303 833 3365 menindigmisset,
851 3302 975 3354 indemer
993 3304 1048 3355 sich
1065 3305 1091 3355 in
1111 3305 1243 3357 einzelnen
1284 3354 1286 3371 ,

166 3371 397 3423 Kranliheitsfaillen
417 3371 496 3422 durch
517 3371 636 3422 Vorsicht
652 3371 704 3421 und
722 3370 779 3419 111111
798 3369 859 3421 hall.
1283 3390 1286 3423 ε

235 3443 259 3492 2.
279 3446 374 3490 11111111
393 3446 432 3488 est
448 3437 549 3489 ‘belsam
568 3440 611 3489 er'.
630 3468 663 3475 —
682 3445 825 3501 tenesmon,
843 3439 980 3489 Accusativ
1004 3439 1049 3491 des
1068 3439 1244 3507 griechischen
1282 3438 1286 3475 ·'

166 3507 253 3559 Worts
273 3515 410 3570 tenesmos,
428 3506 623 3571 ‘Stuhlzwang',
643 3506 708 3557 nach
725 3505 770 3556 der
788 3508 857 3558 21111.
1284 3508 1286 3527 ¹

235 3576 549 3642 eati-proponebantur
566 3576 659 3640 ‘gegen
678 3573 726 3625 den
746 3576 822 3624 -in
847 3573 968 3625 Aussicht
992 3575 1097 3642 gestellt
1120 3576 1244 3628 wurden'.

167 3643 265 3760 qelerta
284 3643 383 3695 schnell
401 3642 541 3708 wirhende‚
559 3644 655 3705 facilia
674 3640 783 3708 gelindc.
819 3641 935 3693 Hernach
953 3642 1012 3695 ham
1037 3660 1064 3696 es
1083 3643 1184 3695 lreilich
1201 3660 1244 3695 an·

185 3724 234 3775 ers,
252 3711 302 3762 wie
320 3713 336 3777 ξ
357 3715 371 3763 3
391 3712 467 3777 zeigt.

236 3783 258 3832 3.
291 3779 323 3828 In
351 3780 409 3842 troc,
428 3779 504 3829 11111111.
523 3779 619 3829 morbo.
637 3806 670 3816 -
690 3783 765 3828 tanta
784 3782 824 3828 vis
840 3780 927 3829 morbi
942 3783 1073 3846 prorupit
1089 3780 1166 3831 ‘wart
1187 3778 1240 3831 sich

167 3846 207 3898 die
226 3846 366 3899 Kranhheit
384 3847 430 3897 mit
448 3845 547 3898 solcher
564 3846 671 3899 Gewalt.
