2580 4372
151 175 192 236 30
548 176 596 228 llll.
616 173 805 228 Pausanias
825 178 848 227 2.

120 354 240 415 auibus
260 350 453 413 barbarorum
473 348 619 428 praesidia
641 349 808 428 depelleret.
846 345 913 408 Pari
934 347 1072 411 felicitate
1094 352 1125 412 in
1142 371 1177 414 ea
1191 373 1227 415 re

150 457 223 500 usus
239 437 343 500 elatius
358 455 389 497 se
405 451 508 515 gerere
522 433 621 512 coepit
630 435 819 513 maioresque
833 440 972 512 appetere
986 452 1043 494 res.
1065 437 1138 497 Nam
1155 456 1227 500 cum

150 522 291 603 Byzantio
312 526 477 601 expugnato
493 519 620 597 cepisset
641 520 809 599 complures
823 517 981 579 Persarum
1004 521 1119 583 nobiles
1133 531 1227 604 atque

150 609 182 670 in
196 609 244 670 his
257 606 420 668 nonnullos
433 603 512 683 regis
526 604 723 684 propinquos,
738 606 793 666 bos
808 603 882 665 olam
891 604 980 664 Xerxi
994 607 1118 684 remisit,
1130 609 1226 670 simu-

151 694 216 755 lans
231 712 266 754 ex
280 692 384 753 vinclis
394 689 522 771 publicis
537 690 684 768 effugisse,
701 698 811 751 etcum
826 690 872 750 his
888 687 1053 769 Gongylum
1069 693 1225 754 Eretrien-

151 798 222 854 sem,
239 778 290 857 qui
304 778 415 839 litteras
430 776 492 855 rogi
507 775 652 848 redderet,
668 775 820 854 inquibus
834 775 1224 857 baecluissesoriptaThu-

120 873 135 923 3
150 864 268 944 cydides
283 862 441 924 memoriae
456 860 595 941 prodidit.
617 860 785 935 Pausanias,
802 861 862 922 dux
870 860 1001 940 Spartae,
1014 881 1089 941 quos
1100 864 1224 942 Byzanti

152 958 284 1028 ceperat,
307 955 465 1027 postquam
479 945 665 1025 propinquos
685 953 753 1008 tuos
769 947 923 1024 cognovit,
944 946 997 1030 tibi
1013 949 1130 1009 muneri
1144 949 1226 1012 misit

152 1052 243 1113 seque
258 1039 358 1095 tecum
372 1031 511 1094 affinitate
526 1031 668 1111 coniungi
684 1032 775 1111 cupit.
799 1031 905 1105 Quare,
922 1031 946 1091 si
961 1031 1014 1092 tibi
1029 1033 1153 1108 ridetur,
1171 1035 1223 1096 des

120 1120 177 1182 lei
198 1119 288 1180 liliam
309 1126 390 1180 tuam
414 1123 563 1197 nuptum.
587 1116 620 1177 ld
642 1117 667 1177 si
687 1116 809 1192 leceris,
833 1127 861 1178 et
884 1117 1020 1196 Spartam
1043 1126 1072 1178 et
1093 1127 1222 1181 ceteram

151 1205 302 1267 Graeciam
317 1203 372 1264 sub
386 1211 467 1264 tuam
482 1209 657 1280 potestatem
673 1220 704 1263 sc
720 1202 873 1264 adiuvante
888 1209 917 1263 te
931 1203 1119 1265 redacturum
1134 1205 1223 1284 polli-

153 1298 246 1352 cetur.
275 1287 329 1349 llis
351 1287 491 1349 derebus
507 1287 531 1348 si
547 1286 618 1365 quid
634 1288 696 1366 geri
711 1287 848 1362 volueris,
876 1294 990 1348 certum
1010 1289 1165 1351 bominem
1186 1284 1223 1352 ad

119 1381 134 1431 t
150 1394 217 1436 eum
232 1373 330 1435 mittas
345 1373 417 1449 lace,
433 1392 501 1434 cum
516 1390 576 1450 quo
592 1373 787 1452 colloquatur.
815 1371 878 1433 Rex
892 1381 937 1433 tot
950 1375 1103 1435 hominum
1128 1375 1223 1438 salute

149 1468 208 1521 tam
224 1458 280 1519 sibi
302 1459 536 1519 necessariorum
557 1475 738 1538 magnopere
760 1458 875 1536 gavisus
897 1459 1052 1519 confestim
1075 1478 1143 1520 oum
1159 1461 1224 1541 epi-

149 1545 225 1606 stula
240 1543 414 1604 Artabazum
426 1543 462 1603 ad
473 1542 647 1604 Pausaniam
657 1543 756 1618 mittit,
768 1543 800 1605 in
811 1562 870 1622 qua
880 1562 948 1626 eum
959 1543 1121 1619 collaudat;
1138 1545 1223 1624 petit,

150 1649 188 1692 ne
203 1630 251 1690 cui
267 1628 310 1690 rei
326 1636 427 1708 parcat
440 1628 476 1690 ad
492 1647 525 1689 ea
541 1627 704 1702 efficienda,
729 1648 803 1709 qnae
817 1627 989 1708 pollicetur:
1015 1629 1040 1688 si
1053 1631 1223 1708 perfecerit,

119 1715 261 1776 tnullius
282 1713 325 1774 rei
347 1732 363 1773 a
384 1733 416 1776 se
436 1714 586 1794 repulsam
607 1713 745 1776 laturum.
782 1713 878 1775 Huius
892 1713 1051 1775 Pausanias
1071 1715 1223 1778 voluntate

149 1800 266 1878 cognita
281 1798 404 1860 alacrior
419 1800 455 1860 ad
470 1818 533 1859 rem
547 1800 706 1878 gerendam
720 1801 826 1874 lactus,
842 1799 872 1861 in
895 1799 1095 1879 suspicionem
1117 1800 1224 1862 cecidit

149 1883 459 1946 Lacedaemoniorum.
490 1883 556 1955 Quo
571 1885 647 1945 lacto
663 1884 784 1945 domurn
804 1892 973 1959 revocatus,
996 1894 1150 1947 accusatus
1173 1905 1223 1947 ca·

148 1970 219 2049 pitis
233 1968 408 2046 absolvitur,
431 1968 573 2046 multatur
594 1977 692 2030 tamen
714 1970 857 2049 pecunia;
883 1988 971 2048 quam
994 1969 1031 2030 ob
1053 1988 1170 2031 causam
1186 1972 1224 2033 ad

147 2054 270 2116 classem
284 2053 426 2115 remissus
441 2073 502 2115 non
518 2063 570 2115 est.

217 2223 241 2273 2.
258 2219 351 2271 Xeruu'.
387 2218 412 2272 S.
431 2219 463 2272 de
480 2235 532 2286 reg.
553 2223 576 2284 1,
594 2223 618 2273 3.
636 2246 671 2258 -
688 2219 725 2271 Zu
745 2219 896 2287 Gongylum
920 2221 954 2272 ist
978 2236 1023 2273 aus
1048 2224 1151 2272 reruteit
1173 2222 1224 2276 das

149 2287 265 2342 einfache
281 2292 354 2339 misit
371 2304 403 2339 zu
421 2288 582 2341 entnebmen.
601 2317 633 2326 —
652 2288 764 2339 reddere
786 2289 929 2355 ‘abgeben’‚
952 2304 1006 2341 was
1031 2303 1089 2339 man
1111 2305 1156 2341 zur
1172 2290 1223 2344 Be-

150 2358 264 2424 stellung
282 2357 434 2425 emplangen
452 2357 504 2407 hat.

216 2431 241 2479 4.
257 2443 285 2476 ce
301 2426 335 2477 ist
352 2425 498 2486 decusatim
517 2430 541 2475 te
559 2423 670 2475 Ablativ.
686 2453 721 2463 —
739 2424 786 2475 His
804 2425 939 2491 derebus,
958 2425 1007 2476 wie
1026 2424 1114 2476 Tbem.
1139 2427 1169 2491 9,
1191 2429 1221 2488 4;

145 2499 208 2560 gam·
233 2492 411 2561 ‘gescbeben',
428 2492 532 2561 ‘gethan
556 2492 675 2545 werden'.
694 2523 728 2530 -
747 2498 848 2544 certum
865 2493 963 2545 ‘sicher‘
982 2493 1168 2560 (auverlissig).
1186 2523 1222 2533 —

145 2563 207 2626 fuce
223 2561 418 2613 altertbirmlieh.

215 2636 239 2684 5.
259 2635 313 2680 tam
330 2632 382 2680 eibi
398 2632 614 2680 carcerariorum.
645 2627 710 2678 Tum
729 2628 782 2680 und
800 2628 1151 2680 itcwerdenbisweilenron
1163 2628 1222 2683 dem

147 2698 228 2817 Wokpt,
246 2697 412 2815 zulpelphem
430 2697 467 2749 sie
485 2696 605 2763 gabairan,
624 2695 702 2747 durch
720 2697 761 2748 ein
780 2696 1020 2764 anderesgetrennt.
1047 2696 1222 2749 Necessariae

148 2768 189 2816 ‘na
208 2781 222 2816 e
241 2770 280 2817 ste
300 2780 331 2816 en
351 2767 366 2815 ¹.

215 2834 367 2884 Artabazus
384 2831 473 2884 warde
491 2830 581 2899 Satrap
599 2847 650 2884 von
668 2832 799 2900 Phrygien
816 2845 857 2882 am
874 2831 1030 2899 Hellespont.
1048 2863 1081 2870 -
1098 2836 1168 2899 petit
1175 2849 1220 2902 ge-

146 2900 204 2952 hdrt
221 2902 293 2953 nicht
310 2900 381 2953 mehr
398 2915 430 2950 zu
447 2902 477 2950 iu
495 2916 556 2965 quo,
575 2900 678 2952 obwobl
705 2900 745 2952 die
767 2899 835 2951 Bitte
861 2900 986 2952 natrirlich
1009 2901 1044 2951 im
1061 2901 1146 2954 Briefe
1164 2904 1220 2954 ent-

146 2969 232 3020 halten
250 2985 317 3021 war:
335 2971 372 3021 ‘cr
388 2969 465 3020 bittet
481 2968 541 3019 ibn'.
560 2998 593 3007 —
611 2985 644 3020 ue
662 2972 707 3020 oui
723 2972 765 3019 rei
780 2973 883 3035 parcat.
910 2966 983 3019 Sinn:
1003 2984 1030 3020 er
1047 2969 1111 3022 solle
1129 2969 1219 3022 Nicbts

145 3037 302 3090 unversucbt
317 3037 412 3090 lassen.

211 3107 364 3173 pollicetur.
399 3103 593 3156 indicativiscbe
615 3104 774 3158 Nebensdtze
798 3104 842 3156 der
866 3103 978 3156 directen
1002 3103 1088 3168 Rede,
1115 3104 1220 3157 obwohl

46 3241 48 3245 .
146 3191 196 3294 {ng
212 3175 265 3294 lud
278 3174 411 3293 dprselbssep
428 3172 586 3292 vertbpindepf
603 3173 723 3292 bpbagepir
740 3172 872 3292 bgsweileu
891 3173 956 3223 auch
965 3171 1219 3292 dnodelbiddibectffl

163 3259 194 3295 en
223 3257 343 3295 nroarv.
392 3256 429 3293 rer
444 3256 467 3292 rs
513 3256 536 3293 re
580 3256 649 3293 rece
690 3258 737 3295 ee
771 3257 798 3292 er
833 3255 949 3292 rosseren
986 3256 1051 3292 een
1115 3256 1138 3292 er
1167 3256 1219 3294 we-

145 3327 196 3378 gen
214 3309 382 3373 beibehalten,
400 3324 455 3360 was
473 3309 539 3361 auch
556 3309 604 3361 wir
620 3310 778 3361 nachahmen
795 3257 905 3361 kdnnen.
1079 3256 1096 3307 g

214 3381 316 3431 nullius
333 3382 375 3429 rei
393 3394 409 3428 a
426 3394 454 3427 sc
472 3377 606 3443 repulsam
625 3379 744 3429 laturum
761 3376 855 3431 ‘werde
873 3391 900 3428 er
917 3376 943 3426 in
960 3375 1049 3428 lteiner
1065 3375 1148 3428 Sache
1165 3391 1217 3428 von

145 3445 197 3498 ihm
216 3448 272 3499 eine
289 3446 447 3512 Abweisung
465 3445 597 3500 erfahren'.
1009 3471 1012 3476 ·

215 3519 238 3569 6.
258 3516 513 3576 alacrior—stratur
530 3514 609 3566 ‘mehr
626 3528 683 3564 zum
700 3513 815 3565 Handeln
833 3515 988 3564 ermuntert'.

215 3583 271 3646 Quo
289 3581 372 3646 facto,
390 3582 414 3633 d.
432 3583 448 3632 i.
468 3596 524 3633 cum
541 3581 568 3632 in
586 3581 755 3649 suspicionem
774 3579 907 3633 cecidisset
924 3580 996 3633 Lac:
1015 3581 1050 3631 ‘in
1064 3579 1144 3645 Folge
1161 3579 1218 3632 des·

145 3652 198 3703 sen'
218 3651 280 3702 oder
297 3649 410 3701 darauf.
445 3650 479 3701 lm
503 3649 651 3717 Folgenden
675 3650 710 3702 ist
734 3655 874 3701 accuratur
898 3651 995 3767 capitis
1019 3665 1050 3700 zu
1068 3647 1215 3713 verbiuden,

143 3736 177 3770 zu
195 3720 342 3771 absolvitur
366 3718 429 3769 wird
453 3717 548 3770 wieder
573 3722 668 3784 capitis
690 3718 851 3770 verstanden.
893 3718 930 3769 Ue
949 3721 1044 3768 ersetze
1068 3715 1216 3768 ‘zurrickbe-

143 3788 216 3840 rufen
235 3785 298 3839 wird
317 3801 352 3848 er,
370 3787 416 3837 auf
429 3785 555 3854 peiulicbe
573 3783 655 3836 Strale
674 3785 820 3853 angeklagt,
837 3784 1060 3852 sreigesprocben’.
1087 3784 1142 3835 Wir
1159 3800 1215 3836 ver·

143 3857 237 3908 binden
256 3855 297 3907 die
314 3853 452 3922 Participia
470 3853 549 3905 lieber
566 3853 645 3905 durch
663 3853 740 3906 ‘und‘.
776 3855 858 3907 Ueber
876 3855 972 3920 cupitis
989 3869 1020 3904 zu
1037 3852 1101 3904 llilt.
1121 3855 1145 3918 7,
1164 3857 1187 3906 6.
