2580 4372
480 178 566 231 xxm.
584 176 756 232 mmmmm.
776 181 812 232 a:
1110 174 1177 239 ’139

104 364 141 423 de
162 357 219 419 fide
240 373 293 416 sua
315 362 344 415 et
365 352 432 413 odio
454 352 484 412 in
500 351 649 414 Romanos
665 360 937 428 commemorasset,
961 353 1019 413 hcc
1034 353 1174 416 adiunxit.

103 446 191 506 Pater
205 459 306 515 meus,
328 437 436 517 inquit,
459 434 615 513 Hamilcar,
632 438 758 517 puerulo
773 457 837 513 me,
852 445 956 517 utpote
971 456 1033 499 non
1049 441 1175 521 amplius

100 548 162 592 vnn
176 545 272 590 annos
286 531 366 599 nato,
385 523 419 587 in
429 521 602 602 Hispaniam
613 524 774 603 imperator
783 523 976 604 proficiscens
991 523 1175 606 Carthagine,

101 617 165 678 lovi
186 613 297 692 optimo
318 608 445 671 maximo
466 608 576 670 hostias
600 609 768 670 immolavit.
804 608 885 680 Quae
908 608 1005 670 divina
1030 629 1078 672 res
1104 611 1206 672 dumi

103 697 330 770 conficiebatur,
354 692 497 774 quaesivit
519 713 535 754 a
555 713 619 770 me,
641 695 785 757 vellemne
799 713 900 756 secum
921 695 955 773 in
975 702 1068 756 castra
1084 697 1176 774 profi·

103 787 184 847 cisoi.
215 783 247 844 ld
263 796 330 844 curn
344 779 472 842 libenter
485 779 664 858 accepissem
680 789 768 860 atque
782 779 818 842 ab
834 800 868 841 eo
884 788 985 858 petere
1001 781 1175 860 coepissem,

102 891 142 933 ne
156 868 303 932 dubitaret
316 867 435 940 ducere,
450 872 513 925 tum
528 864 577 926 ille
591 864 717 948 Faciam,
731 866 839 944 inquit,
855 865 881 926 si
895 865 967 926 mibi
977 866 1075 941 fidem,
1088 885 1177 946 quam

100 955 238 1035 postulo,
260 951 385 1014 dederis·
415 949 510 1011 Simul
530 968 578 1010 me
599 951 729 1012 adaram
744 951 872 1026 adduxit,
887 953 965 1031 apud
981 970 1069 1030 quam
1084 953 1176 1013 sacri-

100 1042 190 1101 ficare
205 1037 382 1112 instituerat,
397 1053 521 1114 eamque
537 1037 643 1098 ceteris
657 1037 777 1097 remotis
798 1044 948 1098 tenentem
970 1038 1068 1098 iurare
1088 1038 1175 1099 iussit

101 1143 264 1204 numquam
285 1141 333 1183 me
354 1122 386 1182 in
407 1120 535 1183 amicitia
556 1139 624 1182 cum
646 1121 787 1183 Romanis
801 1121 874 1182 lore.
906 1121 938 1183 ld
954 1140 1008 1200 ego
1024 1122 1204 1185 iusiurano

100 1212 172 1272 dum
188 1208 264 1289 patri
273 1209 374 1269 datum
383 1224 479 1285 usque
494 1207 530 1267 ad
543 1206 621 1266 banc
632 1215 755 1268 aetatem
771 1207 810 1268 ita
825 1209 1004 1282 conservavi,
1017 1215 1050 1269 ut
1060 1209 1173 1269 nemini

100 1295 224 1357 dubium
239 1312 304 1355 esse
320 1292 433 1366 debeat,
448 1291 522 1370 quin
537 1291 652 1371 reliquo
668 1300 802 1372 tempore
818 1293 920 1354 eadem
934 1300 1034 1354 mente
1055 1293 1110 1354 sim
1125 1295 1173 1355 lu·

100 1388 196 1442 turus.
228 1378 339 1453 Quare,
362 1375 388 1437 oi
409 1376 481 1454 quid
496 1377 589 1438 amice
605 1377 640 1438 de
655 1377 797 1438 Romanis
812 1378 963 1456 cogitabis,
980 1398 1041 1439 non
1057 1378 1204 1458 imprut

100 1467 205 1526 denter
219 1463 336 1537 feceris,
352 1461 439 1523 sime
454 1461 574 1537 celaris;
597 1481 665 1523 curn
680 1463 799 1542 quidem
814 1463 924 1525 bellum
940 1463 1066 1543 parabis,
1083 1474 1113 1525 te
1127 1464 1172 1544 ip-

98 1569 166 1612 sum
179 1546 379 1622 frustraberis,
395 1547 419 1608 si
434 1566 496 1608 non
512 1564 559 1607 me
574 1547 605 1608 in
622 1566 656 1608 eo
672 1547 839 1628 principem
854 1551 1001 1628 posueris.

186 1633 248 1695 Hac
268 1633 376 1712 igitur,
398 1650 456 1710 qua
471 1633 613 1706 diximus,
641 1640 733 1694 aetate
756 1652 823 1694 curn
844 1642 928 1712 patre
949 1634 980 1694 in
1002 1633 1205 1712 Hispaniam3

98 1719 253 1801 profectus
268 1725 322 1780 est.
360 1717 451 1778 Graius
471 1727 539 1797 post
560 1718 691 1793 obitum,
713 1717 896 1780 Hasdrubale
917 1719 1094 1798 imperatore
1115 1719 1175 1780 sul·

99 1807 188 1880 fecto,
205 1803 348 1883 equitatui
363 1803 445 1863 omni
459 1803 596 1882 praefuit.
626 1803 690 1864 Hoc
705 1822 825 1884 quoque
847 1803 1004 1865 interfecto
1027 1804 1174 1865 exercitus

99 1908 244 1952 summam
273 1887 391 1967 imperii
420 1887 455 1948 ad
485 1907 553 1950 eum
584 1889 696 1950 detulit.
746 1888 779 1950 ld
810 1889 1016 1967 Carthaginem
1045 1887 1173 1952 delatum

99 1975 220 2058 publice
235 1973 460 2053 comprobatum
483 1981 536 2034 est.
568 1974 618 2034 Sic
638 1974 801 2050 Hannibal,
823 1975 922 2035 minor
942 1993 960 2034 v
985 1982 1014 2035 et
1032 1992 1071 2034 xx
1086 1976 1203 2040 annisa

99 2069 187 2124 natus
201 2060 363 2139 imperator
377 2059 481 2132 lactus,
493 2060 629 2138 proximo
641 2059 771 2120 triennio
784 2078 888 2121 omnes
900 2054 1002 2138 gentes
1014 2059 1173 2137 Hispaniae

98 2145 179 2207 bello
194 2143 310 2223 subegit
317 2161 326 2218 ;
348 2143 529 2221 Saguntum,
552 2144 732 2206 foederatam
747 2145 908 2220 civitatem,
929 2145 957 2205 vi
979 2147 1156 2225 expugnavit
1163 2165 1172 2222 ;

98 2244 161 2294 tres
182 2229 327 2292 exercitus
351 2229 494 2290 maximos
519 2230 706 2310 comparavit.
742 2229 786 2289 Ex
806 2231 854 2292 his
875 2249 969 2291 unum
991 2232 1022 2291 in
1044 2232 1202 2296 Africama

164 2364 279 2429 puerulo
297 2379 339 2414 me
355 2363 448 2430 gebbrt
464 2378 496 2413 zu
513 2363 695 2429 proficiscens,
714 2362 783 2415 nicht
801 2381 834 2416 zu
852 2364 1008 2417 immolavit.

165 2432 225 2482 Ioci
250 2434 350 2496 optimo
373 2437 500 2484 mauimo.
535 2430 581 2482 Die
608 2431 731 2484 Griechen
759 2432 812 2483 und
838 2432 932 2484 Homer
958 2433 1103 2485 benannten
1130 2434 1172 2487 die

95 2498 211 2563 lremden
234 2498 323 2551 Gotter
346 2498 393 2551 mit
419 2499 468 2550 den
486 2499 584 2551 Nomen
610 2500 781 2566 griechischer
798 2500 849 2552 und
867 2498 1007 2553 romiscber
1023 2500 1172 2555 Gottbeiten
1259 2564 1262 2569 Ι

95 2567 164 2620 nach
187 2565 232 2618 der
255 2567 459 2619 anscheinenden
484 2567 670 2620 aehnlichkeit.
705 2569 739 2620 Es
756 2569 790 2620 ist
808 2568 852 2620 der
870 2568 950 2619 Baal
973 2570 1100 2635 gemeint,
1127 2571 1171 2623 der

94 2634 204 2688 hdcbste
221 2634 282 2687 Gott
299 2634 343 2687 der
359 2635 496 2688 Phdniaier
518 2635 569 2687 und
588 2636 727 2702 Carthager
743 2636 832 2701 (daber
849 2637 971 2702 Iupiter),
996 2638 1057 2690 aber
1074 2639 1171 2705 cigent-

94 2702 148 2756 liclr
166 2703 211 2755 der
224 2703 392 2770 Sonuengott.
427 2704 581 2756 Uebersetze
598 2704 665 2755 ‘dem
683 2704 808 2756 hochsten
827 2704 903 2758 Gott’.

164 2775 188 2823 4.
216 2771 416 2833 conficiebatur.
451 2770 477 2824 S.
495 2789 527 2824 zu
546 2772 649 2823 studuit
676 2771 707 2823 de
734 2788 787 2840 reg.
814 2776 838 2838 2,
862 2777 886 2827 2.
905 2802 939 2812 -
956 2775 1096 2825 instituere
1120 2775 1172 2826 wie

94 2840 150 2891 Alc.
169 2841 193 2904 5,
215 2843 236 2891 l.

165 2912 303 2958 teneatue.
337 2907 387 2960 llas
405 2907 531 2960 Aniassen
549 2909 618 2960 eines
635 2908 720 2960 Altars
747 2907 814 2960 belm
838 2906 946 2960 Scbwur
972 2925 1027 2962 war
1052 2911 1093 2963 bei
1120 2911 1171 2965 den

92 2975 171 3095 (pltea
198 2974 374 3094 gelpivdbnlicm
399 2976 450 3028 wie
469 2977 537 3040 Jetzt
559 2976 585 3026 in
603 2976 728 3028 manchon
745 2975 861 3027 Laudem
880 2974 926 3028 das
950 2977 995 3030 der
1011 2978 1085 3031 Bibel
1109 2980 1171 3032 oder

112 3058 140 3096 es
157 3044 230 3095 Gruc'
251 3059 304 3096 xes.

92 3179 125 3230 Al
163 3114 187 3165 6.
206 3114 291 3163 amice
308 3115 430 3177 cogitem
448 3110 637 3164 ‘Freuodliohes
655 3111 952 3163 vorhaben'.-bellum
967 3129 1076 3178 perora.
1100 3113 1126 3167 s.
1137 3131 1169 3167 zu

127 3194 148 3230 c.
168 3182 192 3243 3,
211 3182 234 3231 2.

162 3251 188 3298 ei
209 3263 278 3311 nou,
296 3246 366 3299 nicht
384 3251 453 3312 nisi,
478 3247 537 3299 weil
555 3246 597 3298 die
614 3246 741 3314 Negation
759 3248 849 3300 betont
866 3248 908 3300 ist.
926 3277 961 3287 -
977 3252 1006 3299 iu
1025 3265 1054 3300 ao
1079 3269 1113 3290 =
1139 3251 1166 3302 in

92 3314 161 3367 bello
182 3314 310 3384 parando,
335 3315 387 3367 wie
408 3315 496 3367 Thero.
515 3318 544 3377 2,
572 3319 586 3368 3
605 3318 635 3365 in
653 3331 713 3380 quo.
732 3343 765 3354 -—
782 3319 932 3384 principem
949 3332 1050 3383 ponera
1067 3318 1109 3369 ‘an
1126 3316 1168 3369 die

93 3380 182 3450 Spitze
200 3384 309 3446 stellari,
327 3383 386 3434 ‘den
404 3387 487 3437 ersten
506 3383 577 3435 Platz
596 3383 743 3436 anweisen'.

162 3445 191 3507 3.
220 3455 243 3504 1.
270 3452 354 3504 Ueber
373 3451 415 3504 die
438 3452 525 3505 Zoiten
549 3467 570 3503 s.
589 3467 621 3502 zu
638 3451 710 3503 Ham.
729 3455 753 3516 3,
774 3455 795 3504 1.
814 3454 839 3504 3.
856 3481 891 3489 -
908 3468 962 3517 qua
981 3451 1099 3504 dicimus
1117 3455 1167 3507 wie

91 3518 138 3587 Ep.
157 3523 182 3584 2,
203 3524 226 3572 1.
243 3549 276 3559 —
296 3521 413 3571 delatum
431 3519 574 3587 ‘gemeldet’
594 3520 777 3587 t‘angezeigt');
796 3520 912 3570 relatum
929 3520 998 3571 wire
1014 3521 1166 3576 ‘berichlet'.

163 3590 186 3641 2.
215 3605 232 3638 ν
250 3594 277 3639 ei
293 3604 327 3639 xx
350 3592 435 3640 annia.
464 3588 513 3641 Der
530 3588 634 3640 Ablativ
656 3588 698 3640 bei
721 3591 811 3638 minor
827 3590 935 3655 (maior)
953 3588 1000 3639 mit
1017 3590 1055 3641 als
1072 3590 1167 3658 Ergin-

91 3670 159 3722 aung
176 3655 387 3724 hinzugeldgtem
410 3663 491 3708 uatus
516 3657 549 3709 ist
572 3657 663 3709 selten.
699 3656 724 3709 S.
749 3671 781 3707 zu
804 3654 836 3706 de
861 3671 913 3723 reg.
939 3658 963 3719 2,
982 3659 1005 3710 3.
1040 3656 1165 3711 Hannibal

90 3738 145 3775 war
162 3724 261 3777 damals
279 3728 311 3778 26
327 3724 396 3777 labr.

85 3803 88 3807 ’
159 3791 327 3852 foederatam
346 3796 489 3856 civitatem,
507 3791 552 3844 der
569 3791 669 3844 Rdmer.
694 3791 793 3858 Sagunt
810 3792 882 3843 ward
900 3794 949 3845 219
967 3809 992 3843 v.
1002 3792 1047 3845 oh.
1059 3792 1167 3860 erobert,

92 3856 137 3912 der
153 3860 210 3928 Zug
227 3861 292 3915 nach
308 3861 396 3914 italien
415 3860 528 3928 gescbah
546 3861 607 3914 218.
624 3888 657 3897 -
677 3862 704 3910 oi
720 3859 776 3911 ‘mit
793 3859 895 3912 Stnrm'.
