2580 4372
163 192 203 249 54
509 192 572 244 Vlll.
591 192 811 245 TRASYBULUS.
831 196 854 245 2.
874 195 897 245 3.

128 377 146 435 2
247 366 302 425 llio
325 365 405 425 eninr
428 383 495 425 cnm
510 364 622 443 Phylen
639 364 836 443 confugisset,
861 363 939 442 quod
963 371 1006 424 est
1029 363 1188 445 castellum
1210 365 1240 425 in

164 453 258 512 Attica
273 449 512 524 munitissimum,
528 468 590 509 non
606 449 672 527 plus
688 449 789 510 hahuit
805 468 904 509 secum
928 467 984 508 xxx
1006 448 1042 509 de
1064 449 1139 510 suis.
1179 449 1242 510 lloo

164 537 279 597 initium
297 536 353 596 fuit
374 535 475 595 salutis
491 537 683 608 Actaeorum,
706 538 763 594 hoe
777 535 870 594 robur
891 533 1035 595 libertatis
1057 533 1242 597 clarissimae

132 630 148 678 2
165 621 296 682 civitatis.
334 621 437 698 Neque
457 639 526 680 vero
548 620 673 679 hicnon
690 627 877 698 contemptus
894 627 938 680 est
959 619 1056 697 primo
1072 638 1088 679 a
1103 620 1242 698 tyrannis

164 707 335 784 alquerius
358 704 495 765 solitudo.
532 705 613 775 Quae
635 704 754 782 quidem
777 723 824 765 res
848 713 876 765 et
898 704 955 764 illis
978 705 1243 767 contemnentibus

164 791 289 870 pernicii
306 799 334 850 et
348 790 419 850 huic
434 790 571 867 despecto
589 789 676 849 saluti
692 789 755 850 luit.
786 789 865 850 llaec
888 790 967 850 euim
989 789 1054 849 illos
1072 807 1183 867 segnes
1206 791 1242 853 ad

165 876 420 957 persequendum,
443 876 498 934 hos
514 883 611 935 autem
626 882 759 953 tempore
771 876 807 935 ad
827 875 1058 954 comparandum
1080 875 1149 936 dato
1173 876 1242 937 lecit

133 971 148 1020 3
163 961 355 1022 robustiores.
379 959 443 1030 Quo
460 959 551 1037 magis
567 967 756 1039 praeceptum
773 960 843 1022 illud
860 960 992 1021 omnium
1008 960 1039 1020 in
1055 961 1165 1022 animis
1177 980 1242 1022 esse

165 1047 267 1121 debet,
292 1046 365 1106 nihil
380 1045 411 1105 iu
427 1044 503 1106 bello
520 1053 658 1123 oportere
674 1047 843 1122 contemni,
868 1065 966 1124 neque
989 1045 1054 1106 sine
1069 1064 1160 1107 causa
1183 1046 1242 1108 diei

134 1140 286 1192 4matrem
315 1131 410 1191 timidi
438 1131 508 1191 llere
531 1150 591 1191 non
621 1131 724 1192 solere.
768 1131 871 1209 Neque
893 1139 990 1191 tamen
1014 1149 1068 1210 pro
1096 1131 1242 1210 opinione

164 1217 339 1295 Thrasybuli
354 1224 455 1277 auctae
471 1225 541 1277 sunt
556 1235 637 1295 opes.
668 1217 740 1278 Nam
756 1216 812 1277 iam
828 1224 889 1277 tum
905 1217 963 1277 illis
977 1216 1165 1295 temporibus
1179 1218 1242 1278 for-

133 1302 222 1362 5tius
245 1302 316 1361 boni
332 1321 385 1380 pro
408 1302 542 1363 libertate
564 1302 763 1380 loquebantur
777 1321 865 1381 quam
881 1303 1061 1381 pugnabant.
1106 1300 1187 1363 llino
1210 1303 1241 1363 in

163 1387 298 1447 Piraeum
313 1387 430 1447 transiit
445 1387 692 1465 llunyehiamque
714 1389 847 1448 munivit.
879 1387 961 1448 Hane
983 1386 1028 1447 bis
1050 1388 1170 1465 tyranni
1187 1407 1241 1467 op·

164 1490 296 1550 pugnare
312 1478 381 1531 sunt
396 1472 488 1531 adorti
505 1472 539 1531 ab
557 1490 649 1549 eaque
664 1473 791 1552 turpiter
806 1473 917 1552 repulsi
934 1473 1071 1552 protinus
1087 1472 1117 1532 iu
1134 1473 1241 1534 urbem

132 1567 147 1615 6
162 1556 249 1618 armis
266 1556 543 1634 impedimentisque
558 1557 672 1617 arnissis
686 1559 871 1636 refugerunt.
896 1559 970 1619 Usus
982 1565 1026 1618 est
1036 1558 1241 1637 Thrasybulus

162 1662 223 1704 nou
246 1642 346 1702 minus
367 1642 523 1720 prudentia
547 1660 633 1721 quam
656 1643 838 1704 fortitudine.
876 1643 948 1704 Nam
972 1644 1110 1704 cedentes
1137 1642 1242 1705 violari

162 1728 254 1789 vetuit
277 1727 366 1803 (cives
394 1727 473 1787 enim
501 1727 613 1787 civibus
638 1747 761 1806 parcere
787 1747 916 1807 aequum
941 1728 1111 1803 censebat);
1140 1747 1240 1808 neque

162 1814 318 1891 quisquam
335 1818 379 1871 est
393 1811 574 1886 vulneratae,
591 1811 647 1872 nisi
664 1815 819 1893 quiprior
843 1814 1017 1892 impugnare
1039 1812 1142 1874 voluit.
1181 1813 1240 1874 Ne·

162 1898 271 1957 minem
294 1898 436 1958 iacentem
452 1906 532 1959 veste
553 1897 704 1976 spoliavit,
728 1898 770 1959 nil
792 1899 886 1977 attigit
908 1898 965 1958 nisi
988 1915 1083 1970 arma,
1109 1917 1241 1977 quorum

132 1995 145 2042 t
162 1981 319 2060 indigebat,
336 1999 469 2060 quaeque
492 1983 527 2042 ad
548 1982 658 2042 victum
679 1983 876 2061 pertinebant.
915 1983 949 2043 lu
972 1983 1104 2044 secundo
1120 1985 1237 2062 proelio

161 2067 267 2127 cecidit
283 2066 395 2139 Critias,
412 2067 471 2126 dux
485 2078 689 2146 tyrannorum,
705 2087 773 2128 cum
788 2069 907 2147 quidem
923 2068 1097 2128 exadversus
1109 2068 1240 2149 Thrasy-

162 2151 265 2211 bulum
281 2151 441 2212 fortissime
457 2159 612 2231 pugnaret.

127 2242 146 2304 3
246 2235 309 2296 Hoc
325 2235 437 2296 deiecto
449 2236 607 2298 Pausanias
622 2236 703 2296 uenit
717 2236 819 2298 Atticis
830 2237 948 2312 arixilio,
961 2257 1012 2297 rex
1024 2237 1239 2305 Lacaedaemo:

160 2369 223 2488 hipp,
240 2369 289 2420 wie
307 2383 383 2420 unser
400 2369 456 2422 ‘den
476 2370 551 2438 Krieg
569 2370 701 2436 erkliiren’‚
721 2372 871 2436 tibertragcn
889 2369 986 2421 :sich
1004 2370 1167 2438 zumKricge
1184 2380 1240 2424 ent·

161 2453 188 2489 sc
217 2453 309 2488 ressen.

230 2500 258 2559 2.
279 2510 300 2557 l.
322 2506 417 2555 Actaei
432 2505 472 2555 tur
489 2506 663 2557 Athenienses
681 2507 713 2558 ist
732 2506 857 2571 podiisch.
875 2535 909 2543 -
927 2507 1018 2555 nebron
1052 2505 1107 2555 wir
1125 2506 1239 2559 ‘Stdtze’.

231 2577 254 2624 2.
273 2572 364 2638 Nepae
384 2589 544 2624 aero-noo
569 2575 634 2626 ‘Uud
658 2574 813 2640 allerdings’,
832 2575 888 2625 ciue
912 2590 956 2624 zur
979 2572 1110 2625 stirkeren
1135 2573 1240 2627 Bekral·

162 2642 254 2708 tigung
272 2641 395 2692 dienende
413 2640 649 2694 Ausdrucksweise.

232 2711 354 2774 pernicii.
389 2707 502 2761 Seltnere
525 2709 599 2761 Form
623 2711 662 2760 hir
678 2711 816 2774 perniciei.
835 2737 868 2746 -
885 2711 932 2762 bos
951 2709 1015 2760 nach
1034 2711 1097 2759 baria
1116 2710 1240 2776 despecto

164 2776 204 2827 die
221 2776 299 2826 Leute
318 2775 362 2826 des
381 2774 469 2827 Tliras.
488 2777 689 2829 mitumlassend.
705 2783 866 2842 -tempore
883 2778 920 2828 ad
937 2778 1149 2843 comparandam
1168 2779 1240 2831 dato.
1272 2814 1279 2826 .

163 2843 208 2894 Die
227 2844 338 2894 Ablatisi
356 2843 465 2895 absoluti
484 2844 566 2909 geben
585 2844 625 2896 die
643 2845 755 2896 Ursache
772 2859 813 2895 an.

233 2915 256 2965 3.
275 2927 358 2976 raeque
370 2912 498 2964 -solere
532 2912 623 2964 Hierzu
640 2913 673 2965 ist
691 2916 809 2964 orantium
827 2916 855 2962 in
879 2916 976 2963 animis
994 2929 1048 2962 asse
1067 2912 1150 2976 debet,
1170 2913 1241 2966 nicht

161 2986 335 3046 praeceptum
352 2980 423 3029 illud
435 2996 466 3030 zu
484 2980 593 3032 denken.

232 3051 256 3100 4.
279 3048 442 3114 Thrasybuli
471 3048 561 3114 gchdrt
585 3066 615 3100 zu
644 3066 694 3114 pra
723 3051 850 3114 opinione
879 3049 962 3112 (naen
986 3047 1031 3098 der
1055 3049 1239 3116 Erwartung');

165 3133 197 3168 zu
217 3132 279 3182 opas
296 3116 330 3166 ist
348 3119 404 3166 eina
422 3132 452 3166 zu
471 3116 579 3169 denkcn.

232 3185 287 3234 iliis
305 3187 466 3249 temporibus
483 3185 516 3236 ist
534 3185 714 3251 hinzugeldgt‚
733 3200 775 3234 um
799 3183 844 3235 aul
859 3182 998 3248 disgressa
1016 3183 1176 3251 Entiernuug
1195 3185 1241 3237 der

161 3253 219 3304 Zeit
237 3251 407 3304 animerlxsam
425 3268 456 3303 zu
474 3253 588 3304 machon.

232 3325 255 3372 5.
274 3321 344 3370 Hine
361 3321 395 3371 ist
412 3319 477 3377 hart,
495 3319 526 3370 da
544 3320 635 3388 Phyle,
653 3335 706 3371 was
725 3334 752 3370 cs
771 3318 925 3380 bezeichnet,
951 3317 1027 3384 lange
1051 3319 1143 3370 vorlrcr
1161 3321 1241 3373 steht.

163 3389 249 3440 Ucber
266 3389 376 3439 Piraeus
394 3404 426 3438 zu
445 3387 533 3440 Thera.
554 3392 577 3453 6,
598 3393 621 3441 1.
638 3417 671 3425 —
689 3393 752 3437 stant
771 3387 861 3436 adorti
877 3386 1084 3438 ‘unternabmen'.

198 3523 205 3573 Ι
233 3460 257 3508 6.
284 3457 431 3522 ρνηάεηῑῑα
459 3456 664 3509 ‘Bcsonnenheit'
696 3452 929 3519 (llaltbldtigkeit).
962 3485 995 3491 —
1026 3459 1156 3505 iacentem
1182 3455 1241 3508 ‘Ge-

162 3524 289 3575 selenen’.

233 3595 255 3642 l.
274 3591 379 3656 quidem
397 3591 559 3657 ‘allerdings',
582 3590 644 3642 hebt
661 3589 701 3641 die
726 3589 807 3640 Saehe
825 3587 862 3640 als
888 3588 1119 3641 hemethenswcrth
1140 3590 1241 3643 hervor.

164 3658 222 3710 blan
240 3659 310 3710 hatte
328 3657 555 3726 dieseTaplerlceit
572 3673 622 3709 ron
641 3658 693 3708 ihm
712 3656 782 3707 nieht
800 3663 926 3708 erwarten
944 3656 1035 3709 sollen.
1062 3658 1241 3711 Uebereaad-

165 3744 255 3777 uersus
274 3743 305 3778 zu
323 3726 402 3779 Thcm
422 3730 445 3789 3,
464 3731 488 3778 l.

233 3790 260 3851 3.
281 3800 304 3848 1.
324 3799 372 3849 403
390 3811 415 3845 r.
435 3793 479 3846 Gli.
490 3823 521 3831 -
533 3794 588 3843 Hae
606 3792 706 3842 deiecto
724 3792 798 3843 ‘nach
816 3790 1027 3844 seinemSturze’.
1038 3820 1070 3828 —
1081 3792 1242 3859 Pausanias,

164 3880 215 3915 aaa
233 3863 513 3923 Lacedaemoniorum,
531 3862 668 3913 tos—394
685 3877 709 3911 v.
729 3860 773 3912 Ch.
785 3863 931 3925 -Atiiais,
950 3859 1032 3911 denen
1050 3860 1076 3910 in
1094 3860 1139 3912 der
1156 3862 1241 3915 Stadt.
