2580 4372
444 127 496 180 Vll.
513 127 708 181 ALCIBIADES.
727 132 750 181 3.
1089 124 1129 185 43
1194 39 1273 153 Χ

61 300 306 379 61666661611616
321 301 512 379 Syracusanis
528 301 713 375 indixerunt3
736 303 772 363 ad
794 304 874 380 quod
889 303 1052 381 gerendum
1067 303 1132 380 ipsc

61 389 120 448 dux
135 386 267 448 delectus
283 393 337 458 est,
353 387 411 446 duo
426 394 576 465 praeterea
591 387 721 464 collegae
736 387 803 462 dati,
819 387 903 449 Nicia
918 396 947 448 61
956 387 1129 448 Lamachus.

60 473 94 533 ld
108 491 177 533 cum
190 478 399 553 appararetur,
422 471 595 550 priusquam
618 473 718 533 classis
741 472 847 548 exiret,
874 472 996 546 accidit,
1019 482 1052 534 ut
1072 481 1161 551 11661Ι

61 566 148 618 66616
163 575 267 617 661666
283 555 417 631 Η6111166,
438 557 489 635 qui
511 556 542 616 in
559 558 668 637 oppido
691 568 775 619 erant
789 559 921 633 Athenis,
944 557 1132 618 deicerentur

60 648 178 722 praeter
193 660 296 714 unum,
313 641 364 719 qui
379 649 447 701 ante
463 642 581 702 ianuam
596 651 658 704 erat
672 642 825 704 Andocidi.
849 643 951 722 ltaque
965 643 1014 703 ille
1029 651 1132 722 postea

60 726 225 789 Mercurius
239 726 399 787 Andocidis
414 727 558 787 vocitatus
573 735 627 789 est.
656 727 721 789 Hoc
737 747 805 789 cum
820 736 975 808 appareret
989 746 1051 787 non
1067 728 1160 788 61663

60 831 167 891 1116666
181 812 342 873 6161161616
352 812 550 873 consensione
566 832 631 874 esse
641 814 760 888 lactum,
774 832 849 892 quae
859 834 921 874 non
933 814 968 873 ad
980 812 1133 891 privatam,

62 898 115 959 sed
128 897 274 976 publicam
289 915 352 957 rem
362 897 534 975 pertineret,
549 916 674 976 magnus
688 899 869 960 multitudini
881 899 969 960 timor
981 906 1025 958 est
1039 896 1132 958 iniec·

62 995 126 1058 tus,
149 1002 186 1043 ne
207 1001 266 1061 qua
286 981 441 1060 repentina
457 982 545 1043 visin
567 984 681 1045 civitate
697 985 864 1060 exsisteret,
881 1003 955 1063 quae
969 982 1133 1043 libertatem

63 1066 243 1147 opprimeret
257 1067 371 1145 populi.
406 1067 470 1127 Hoc
490 1068 614 1128 maxime
629 1069 789 1130 convenire
810 1070 840 1130 in
857 1069 1036 1130 Alcibiadem
1052 1067 1131 1126 vide·
1145 1075 1161 1124 4
1260 1108 1266 1116 .

61 1154 163 1227 batur,
186 1152 266 1232 quod
282 1160 310 1213 et
325 1152 475 1231 potentior
497 1161 526 1213 61
540 1153 633 1214 616161
648 1173 736 1233 66616
757 1157 889 1233 61116166
904 1152 1131 1215 existimabatur.

60 1238 170 1300 blultos
186 1237 265 1298 enim
287 1237 459 1298 liberalitate
482 1238 661 1313 devinxerat,
684 1239 786 1318 plures
808 1241 894 1301 etiam
911 1258 1000 1317 opera
1021 1236 1133 1297 lorensi

60 1342 132 1385 suos
147 1322 320 1384 reddiderat.
352 1323 415 1393 Qua
430 1341 462 1383 16
477 1323 578 1398 fiebat,
595 1333 628 1385 ut
643 1324 776 1386 omnium
792 1326 909 1399 oculos,
932 1323 1133 1403 quotiescum·
1148 1331 1163 1379 5

60 1427 119 1488 que
133 1408 165 1469 in
180 1406 332 1487 publicum
346 1409 504 1487 prodisset,
520 1409 554 1469 ad
570 1428 601 1469 66
618 1418 803 1471 converteret
819 1429 917 1489 neque
933 1409 960 1470 ei
974 1427 1029 1488 par
1051 1407 1132 1485 quis-

61 1508 149 1574 quam
163 1495 195 1554 in
210 1492 325 1553 civitate
339 1503 512 1571 poneretur.
542 1494 644 1573 ltaque
659 1515 719 1556 non
736 1496 832 1557 solum
847 1514 931 1574 spem
945 1495 977 1555 in
993 1492 1133 1555 661616-

60 1579 133 1640 bant
145 1577 309 1654 maximam,
325 1578 377 1638 sed
393 1579 479 1639 etiam
494 1578 641 1655 timorem,
665 1581 745 1659 quod
764 1590 793 1642 et
808 1581 911 1641 obesse
927 1578 1090 1658 plurimum
1104 1583 1135 1636 61

62 1664 203 1743 prodesse
224 1669 349 1741 poterat.
394 1663 613 1742 Aspergebatur
635 1665 721 1725 etiam
744 1665 872 1741 infamia,
897 1665 976 1744 quod
998 1663 1029 1724 in
1046 1663 1165 1722 11611166

61 1768 117 1810 666
130 1749 226 1809 lacere
240 1749 379 1827 mysteria
394 1748 546 1809 dicebatur
552 1768 560 1824 ;
583 1750 662 1827 quod
684 1750 767 1811 nefas
790 1759 852 1812 erat
872 1767 955 1810 more
971 1747 1132 1810 Athenien·

128 1948 218 2003 Nicia.
253 1947 299 2000 Die
315 1949 464 2002 16161616616
481 1949 591 2016 Endung
610 1949 683 2002 61111
701 1950 742 2003 die
760 1950 916 2019 griechische
935 1967 973 2002 as.

128 2020 152 2070 2.
177 2018 210 2068 161
233 2033 293 2068 cum
311 2024 493 2083 6666666161
510 2018 552 2069 ‘da
575 2018 662 2070 116166
691 2024 806 2086 66116161
829 2019 939 2081 wurde',
965 2017 1014 2070 wie
1032 2021 1057 2082 9,
1075 2021 1090 2070 5
1110 2020 1135 2066 ei

60 2087 157 2138 bellum
174 2101 274 2151 parare
291 2088 365 2136 ‘zum'
384 2085 445 2137 oder
462 2086 526 2138 ‘sich
542 2102 600 2138 6616
613 2087 704 2153 Kriege
721 2104 805 2154 gegen
822 2088 866 2139 ibn
883 2089 970 2151 11616,
992 2090 1030 2151 10,
1048 2088 1063 2137 3
1082 2089 1134 2135 iter

60 2168 220 2220 comparare
246 2152 309 2205 ‘sich
335 2169 379 2204 661
406 2154 482 2206 116166
507 2155 610 2218 risten',
639 2155 688 2207 ‘die
711 2156 787 2209 Reise
811 2156 956 2208 betreiben’.
983 2184 1016 2193 -
1034 2153 1133 2206 Constr.

61 2223 169 2286 accidit,
187 2228 226 2286 ui,
242 2225 401 2287 piimquum
419 2223 511 2273 6166616
529 2226 697 2288 6161661666
715 2231 835 2275 666166.
855 2240 875 2276 6.
893 2240 927 2274 w.

131 2289 265 2340 Andocidi
280 2289 315 2341 161
324 2289 425 2341 Genitiv
441 2290 492 2341 wie
509 2290 784 2343 hernachAndocidis.
812 2291 963 2342 Andocides
972 2304 1026 2340 war
1034 2287 1135 2339 Redner

61 2357 115 2409 und
133 2357 301 2410 Staatsmann.
336 2358 391 2408 Wir
408 2357 491 2409 haben
509 2357 575 2408 noch
593 2357 681 2410 Reden
699 2359 887 2411 6616166166111
905 2358 1011 2409 Ν611166.

130 2425 469 2491 116666-666116166661,
495 2426 670 2490 6161111666,
693 2427 754 2479 weil
771 2427 853 2479 dieser
877 2441 924 2476 vor
941 2424 985 2476 der
1004 2423 1073 2474 Thur
1090 2421 1135 2474 des
1169 2460 1171 2465 -

61 2493 207 2546 Andocides
224 2492 378 2546 befindliche
395 2493 532 2545 verschont
549 2509 610 2554 war,
633 2494 743 2546 sondern
764 2495 824 2546 weil
850 2509 895 2546 aus
919 2493 1015 2544 diesem
1033 2489 1136 2543 Grande

60 2561 207 2614 Andocides
224 2561 276 2612 und
294 2561 378 2614 dieser
393 2561 498 2614 Hermes
516 2562 572 2614 eine
588 2562 738 2628 Hauptrolle
756 2564 781 2613 16
800 2563 857 2614 dem
865 2562 973 2614 Process
989 2558 1136 2626 wegender

61 2631 170 2682 1161111611
188 2629 517 2696 (Hermolxopidenprocessl
535 2630 651 2696 spielten.

131 2701 154 2751 3.
171 2698 376 2762 6616611666.
412 2697 494 2750 Ueber
512 2698 558 2750 das
575 2698 669 2750 Fehlen
686 2698 731 2750 der
747 2697 907 2764 Priiposition
925 2713 956 2748 zu
975 2713 996 2748 c.
1017 2700 1041 2760 1,
1059 2697 1081 2748 3.
1102 2723 1134 2732 -

61 2769 101 2816 vis
118 2765 299 2818 ‘Gewalttbat’.
325 2766 381 2817 Wir
397 2766 503 2818 wurden
521 2780 600 2834 66666
617 2769 654 2818 ‘es
672 2767 774 2818 mdcbte
792 2767 832 2818 ein
843 2764 1023 2819 Staatsstreich
1042 2763 1135 2814 venibt

62 2833 183 2886 werden'.
218 2833 301 2885 Ueber
319 2838 459 2885 emitteret
473 2851 505 2886 66
522 2834 586 2886 Milt.
605 2839 629 2896 5,
648 2839 671 2888 5.

130 2906 154 2954 4.
173 2903 246 2953 Hoc:
264 2901 305 2952 die
321 2902 493 2970 Anzettelung
511 2904 580 2955 einer
587 2901 793 2968 Verschwdrung
807 2917 865 2953 zum
883 2899 1136 2968 gewaltsamenUm·

62 2973 132 3022 sturz
149 2969 195 3021 der
212 2969 329 3021 Freibeit.

131 3053 213 3103 opera
230 3037 334 3098 1666661
351 3037 507 3104 «1111161611
523 3037 569 3088 661
584 3036 642 3088 dem
650 3037 767 3100 Markte’,
784 3036 985 3102 Ueterstiitzung
1004 3033 1135 3086 16116116-

63 3106 284 3172 versammlungen
301 3105 354 3157 und
372 3105 509 3158 besonders
525 3121 572 3156 ror
589 3104 698 3157 Gericht.

132 3178 155 3226 5.
173 3175 308 3240 prodisset
323 3175 373 3224 wie
391 3172 452 3224 Cim.
471 3177 496 3239 4,
515 3177 529 3225 2
548 3174 665 3235 videret,
683 3188 736 3226 was
754 3173 815 3224 6161
831 3173 872 3224 161
888 3171 1070 3232 Ausdu'icken,
1095 3168 1136 3220 die

63 3240 144 3294 66166
154 3243 210 3294 6166
219 3241 420 3309 Wiederholung
433 3242 597 3306 bezeichnen,
605 3241 655 3294 wie
662 3246 884 3308 quotiescumque,
894 3256 934 3291 am
944 3240 1084 3291 seltensten
1093 3237 1135 3288 ist.

77 3313 157 3430 tessei
170 3326 225 3430 pag
240 3315 388 3375 poneretur·
410 3311 456 3362 ‘als
474 3311 526 3362 ihm
550 3309 634 3377 gleicb
658 3309 829 3377 hingestellt',
848 3309 895 3360 wir
911 3307 972 3357 ‘ihm'
990 3304 1074 3372 616161
1092 3320 1136 3372 66-

62 3392 76 3430 6
123 3383 206 3429 twur
224 3380 255 3429 e'.

132 3448 161 3497 in
180 3462 219 3510 eo,
237 3445 286 3513 616.
303 3445 345 3495 ‘in‘
364 3444 425 3496 oder
442 3445 496 3496 ‘aul
511 3445 581 3510 ihm',
598 3445 663 3497 66611
681 3443 1003 3508 116166116611666166666,
1021 3440 1136 3507 1616166

64 3512 142 3571 (16166
160 3514 208 3565 wir
224 3528 304 3580 66666
328 3514 416 3580 ‘seire
429 3513 558 3580 lloffixung
582 3513 626 3564 661
645 3513 753 3565 Jemand
776 3513 879 3564 setzen'.
913 3510 1067 3562 Uebersetze
1091 3509 1137 3560 ‘sie

64 3579 159 3649 begten
177 3582 204 3632 in
220 3571 319 3634 Betreff
332 3581 431 3632 seinex'.

132 3653 156 3703 6.
175 3650 376 3716 Asper-gebatur
392 3649 507 3711 infamio
524 3651 560 3700 ‘es
577 3646 666 3699 wuxde
683 3646 735 3698 ihm
753 3646 813 3698 ixble
825 3645 957 3698 Nachrede
974 3646 1137 3712 angebingt'.
1191 3700 1193 3703 ¹

65 3721 145 3768 -tu
164 3718 242 3769 domo
259 3733 317 3769 suo.
344 3717 371 3770 S.
390 3733 421 3768 66
439 3717 498 3784 Lys.
517 3720 541 3779 3,
559 3720 584 3769 5.
601 3744 635 3755 -
652 3714 743 3776 facere
760 3719 899 3782 mysteria,
917 3715 941 3766 d.
959 3714 983 3765 h.
1003 3712 1137 3776 (116111166-

65 3786 204 3852 616166166)
221 3785 360 3855 Mysterien
378 3784 559 3838 nacbmachen.
577 3813 611 3823 —
629 3783 714 3844 nefas.
743 3781 769 3835 S,
788 3799 819 3834 zu
837 3799 874 3850 pr.
893 3786 917 3834 4.
