2580 4372
486 183 540 237 llll.
559 182 731 237 TlMOLEON.
751 187 775 237 5.
1109 185 1166 245 131

93 357 223 420 Siciliam
244 373 380 418 recreare
395 354 629 430 constituissent,
645 363 709 415 tum
725 374 756 416 se
771 356 958 435 potissimum
975 357 1080 419 ducem
1102 377 1167 420 esse

92 442 265 505 voluissent.
295 440 374 502 Nihil
389 440 468 502 enim
482 459 585 502 rerum
606 441 803 502 humanarum
819 441 884 503 sine
899 443 1022 503 deorum
1045 445 1167 505 numine
1181 456 1198 507 4

92 528 156 608 geri
171 527 302 606 putabat
324 525 427 605 ltaque
442 544 513 586 suae
528 525 607 586 domi
623 527 762 588 sacellum
777 527 957 589 Automatias
973 531 1168 591 constituerat

91 614 183 693 idque
198 611 383 673 sanctissime
397 611 519 672 colebat.

180 698 222 758 dd
238 697 315 759 bane
328 697 458 759 hominis
473 694 665 757 excellentem
679 694 841 757 bonitatem
862 697 1010 759 mirabiles
1031 717 1165 760 accesse-
1178 703 1197 760 5
1235 748 1238 753 ,

93 792 163 845 rant
176 801 272 845 casus.
301 782 376 844 llam
390 780 502 862 proelia
516 781 641 842 maxima
656 781 745 842 natali
760 800 814 843 suo
831 782 877 843 die
892 782 962 845 lecit
977 784 1090 845 omnia:
1107 803 1167 862 quo

92 869 204 930 lactum
219 874 273 943 est,
288 877 322 930 ut
337 867 401 928 eius
416 867 493 928 diem
509 866 635 927 natalem
648 866 758 929 festum
773 867 894 928 haberet
908 869 1045 929 universa
1056 868 1165 929 Sicilia.

179 952 256 1015 Huic
278 952 396 1032 quidam
411 951 598 1031 LaphystiuS,
622 951 710 1012 homo
724 953 862 1031 petulans
877 961 907 1013 et
921 954 1065 1032 ingratus,
1087 954 1197 1014 vadi-2

92 1038 229 1100 monium
257 1056 326 1099 cum
354 1036 441 1099 vellet
468 1037 639 1116 imponere,
669 1037 749 1116 quod
778 1056 846 1098 eum
867 1038 917 1098 illo
940 1058 971 1100 se
994 1040 1058 1118 lege
1081 1057 1168 1118 agere

93 1125 217 1198 diceret,
240 1132 270 1185 et
291 1123 461 1202 complures
483 1121 721 1198 concurrissent,
744 1123 796 1201 qui
817 1124 1026 1202 procacitatem
1040 1124 1169 1185 hominis

91 1208 230 1271 manibus
244 1220 384 1270 coercere
399 1214 588 1283 conarentur,
600 1206 753 1268 Timoleon
771 1209 862 1269 oravit
874 1227 987 1285 omnes,
999 1229 1036 1271 ne
1047 1209 1077 1269 id
1088 1211 1168 1270 lace·

91 1302 169 1356 rent.
184 1294 318 1373 Namque
329 1293 358 1354 id
369 1301 402 1355 ut
413 1293 572 1373 Laphystio
585 1299 614 1353 et
625 1293 717 1354 cuivis
728 1292 840 1370 liceret,
852 1312 884 1354 se
899 1295 1041 1356 maximos
1052 1295 1168 1356 labores

92 1396 269 1458 summaque
284 1379 390 1440 adiisse
405 1379 547 1458 pericula.
570 1378 655 1440 Hanc
670 1378 749 1439 enirn
760 1380 890 1458 speciem
901 1380 1044 1442 libertatis
1055 1399 1128 1456 esse,
1141 1379 1166 1440 si

92 1464 241 1540 omnibus,
258 1465 339 1544 quod
353 1464 480 1543 quisque
490 1464 585 1539 vellet,
601 1463 717 1542 legibus
726 1466 854 1544 experiri
863 1466 974 1526 liceret.
997 1465 1088 1542 Idem,
1100 1483 1168 1525 cum
1182 1473 1199 1524 3

92 1550 212 1630 quidam
227 1550 378 1630 Laphystii
400 1549 514 1631 similis,
537 1550 659 1611 nomine
673 1550 880 1626 Demaenetus
903 1552 935 1611 in
958 1550 1097 1611 contione
1112 1569 1167 1629 po-

91 1635 158 1719 pub
172 1635 208 1696 de
223 1635 312 1696 rebus
328 1634 419 1716 gestis
430 1635 493 1697 eius
509 1635 663 1696 detrahere
679 1635 826 1714 coepisset
839 1654 873 1697 ac
889 1636 1033 1697 nonnulla
1047 1635 1173 1696 inveho*

91 1728 177 1783 retur
191 1721 222 1782 in
238 1721 434 1798 Timoleonta,
450 1721 522 1782 dixit
536 1739 618 1782 nuno
633 1721 751 1782 demum
775 1740 807 1786 se
823 1721 881 1782 voti
903 1740 968 1782 esse
983 1721 1168 1783 damnatum:

93 1824 223 1885 namque
238 1806 296 1867 hoc
311 1827 328 1867 a
343 1807 399 1868 diis
415 1806 630 1867 immortalibus
646 1824 765 1886 semper
788 1813 951 1886 precatum,
976 1813 1009 1867 ut
1029 1805 1117 1867 talem
1132 1804 1168 1864 li-

90 1890 236 1954 bertatem
258 1893 429 1954 restitueret
444 1891 654 1972 Syracusanis,
675 1891 707 1952 in
729 1910 787 1971 qua
811 1892 904 1954 cuivis
926 1892 1037 1966 liceret,
1054 1889 1164 1969 dequo

91 1976 190 2053 vellet,
205 1977 328 2057 impune
343 1978 450 2037 dicere.

178 2061 235 2122 llic
256 2081 324 2123 cum
346 2062 423 2124 diem
445 2078 618 2140 supremum
640 2059 761 2138 obisset,
789 2060 909 2142 pubbee
931 2080 948 2122 a
975 2059 1198 2141 Syracusanisr

90 2147 124 2210 in
156 2148 324 2231 gymnasio,
347 2147 428 2226 qnod
442 2145 679 2208 Timoleonteum
700 2147 882 2227 appellatur,
912 2153 974 2208 tota
1002 2144 1169 2208 celebrante

90 2229 192 2294 Sicilia
206 2235 341 2312 sepultus
356 2240 410 2294 est

90 2510 93 2515 ,
160 2467 284 2503 recreare
301 2449 406 2504 ‘wieder
422 2449 581 2506 aulrichten’.

162 2539 187 2589 4.
222 2536 332 2588 deamam
364 2538 474 2585 numine
500 2535 612 2586 ‘Walten
643 2534 688 2586 der
719 2533 822 2585 Gdtter'.
866 2531 925 2599 Vgl.
951 2532 999 2598 Ag.
1027 2533 1056 2595 2,
1084 2534 1106 2581 5.
1133 2558 1168 2567 -

92 2606 264 2656 Automatias
293 2603 328 2655 ist
349 2601 394 2654 der
417 2602 575 2668 griechische
593 2602 694 2654 Genitiv
717 2617 769 2653 von
793 2602 957 2650 Automatia.
992 2597 1051 2649 Dies
1072 2598 1105 2648 ist
1129 2596 1172 2648 die

91 2672 194 2734 Gdttin,
220 2670 319 2723 welche
337 2670 378 2721 die
400 2671 467 2722 ohne
495 2671 680 2722 menschliches
697 2668 798 2720 Zuthun
825 2666 1000 2720 eintretenden
1024 2665 1167 2732 Ereignisse

89 2739 210 2805 bewirlrt,
227 2739 268 2790 die
287 2739 413 2790 1511115555
431 2739 561 2791 Fortuna.
597 2738 663 2790 Weil
687 2753 714 2789 er
737 2736 807 2788 Alles
830 2735 880 2788 den
896 2735 1002 2787 Gdttern
1028 2732 1168 2797 zuschrieb,

90 2808 210 2861 verehrte
228 2806 322 2860 erden
340 2806 423 2857 Zufall
441 2805 484 2873 (τὸ
504 2804 672 2875 αὐτόματον)
690 2805 771 2858 selhst
789 2805 826 2856 als
845 2804 912 2856 Gott.

164 2877 244 2942 idque
262 2878 430 2926 sanctissime
448 2875 553 2926 colebat
569 2875 629 2926 ‘und
647 2874 767 2926 widmete
784 2873 837 2924 ihm
855 2871 896 2925 die
910 2869 1169 2935 tlelsteVerehrung'.

81 3040 84 3044 ,
168 2972 198 3032 5.
231 2981 254 3029 1.
282 2978 392 3027 baberet
416 2976 535 3043 begine&
560 3005 594 3013 —
616 2979 640 3027 2.
660 2976 717 3039 lege
735 2989 816 3038 agere
834 2989 894 3023 eum
912 2973 1002 3037 aliquo
1021 2970 1171 3022 ‘Jemanden

92 3044 251 3116 gerichtlicb’
272 3045 332 3111 teig.
353 3045 388 3095 im
406 3043 579 3112 gesetzlichen
596 3043 687 3110 Wege)
704 3042 856 3109 belonged.

166 3131 275 3183 diceret.
309 3127 359 3179 Der
376 3128 528 3194 Gonjunctiv
545 3127 614 3180 steht
631 3128 658 3179 in
674 3126 754 3192 Folge
771 3124 841 3176 einer
857 3122 1022 3191 Verwirrung
1045 3123 1089 3173 der
1106 3122 1172 3173 zwei

90 3197 239 3265 mogliehen
255 3196 501 3249 Ausdruclrsweisen
520 3196 592 3262 quod
609 3212 669 3247 eum
686 3194 734 3245 illo
753 3193 811 3258 lege
829 3199 922 3257 ageret
938 3192 990 3244 und
1015 3190 1087 3258 quod
1109 3206 1169 3241 eum

90 3266 142 3318 illa
159 3283 186 3317 aa
204 3267 263 3332 lege
288 3281 369 3330 agere
393 3267 505 3318 dicabat.
541 3264 575 3316 So
592 3263 681 3330 hiufig
698 3261 764 3314 auch
781 3261 828 3313 mit
845 3260 964 3325 Verben,
988 3260 1029 3312 die
1052 3258 1168 3309 ‘melnen'

89 3333 228 3387 bedeuten.
262 3333 356 3400 Zumpt
374 3334 390 3398 5
409 3336 473 3398 551,
490 3331 628 3399 5151111115
647 3334 727 3397 3575,
744 3331 819 3383 Anm.
839 3332 863 3382 2.

163 3420 288 3470 munibus
316 3417 449 3469 ‘thasiam
476 3446 509 3455 —
536 3421 702 3468 conarentur
727 3415 777 3467 wie
804 3413 902 3464 vellant
925 3411 996 3463 llum.
1025 3414 1065 3476 ll,
1089 3413 1113 3463 2.
1136 3438 1171 3448 —

89 3490 193 3555 speciae
219 3487 288 3552 hier,
316 3501 371 3538 was
398 3484 456 3537 dem
485 3485 571 3538 Geiste
595 3483 776 3547 vorsehwebt,
797 3481 852 3533 ‘das
882 3480 968 3537 ldeal'.
999 3508 1034 3517 -
1068 3479 1170 3544 legibus

91 3559 217 3622 ceperim·
234 3554 342 3621 aliquid
359 3553 392 3604 ‘iu
410 3558 491 3606 etwas
510 3552 559 3604 den
576 3553 732 3618 Rechtsweg
752 3548 911 3601 versuchen'.

164 3642 187 3693 3.
205 3638 339 3690 nonnulla
356 3631 545 3705 ‘manniglacb',
562 3638 611 3688 wie
628 3637 714 3688 multu
730 3636 778 3703 Ep.
798 3638 823 3699 6,
849 3638 871 3687 1.
891 3662 925 3684 -.
943 3636 1095 3684 resorberet
1117 3630 1170 3682 wie

90 3710 183 3759 eminet
198 3707 244 3774 Ep.
262 3710 288 3772 4,
304 3711 329 3760 4.
414 3752 416 3756 .

162 3794 188 3845 4.
209 3789 416 3843 Timoleonteum
434 3787 641 3842 substantiviseh.
654 3815 688 3826 ·-
700 3787 834 3838 celebrare
842 3785 877 3839 ist
894 3784 1030 3838 ‘zahlreich
1039 3785 1081 3836 bei
1090 3786 1170 3836 etwas

89 3858 259 3915 ersoheinen‘.
292 3860 446 3913 Uebersetze
463 3860 546 3910 ί1111151
562 3855 620 3909 dem
637 3854 787 3924 Zadrange'.

982 3952 1015 4005 9*
