2580 4372
468 170 541 223 xvu.
559 138 743 225 sessurus,
761 174 787 226 s.
825 142 830 155 '
848 172 851 179 ’
1103 168 1163 229 toa

93 341 166 401 illud
181 341 213 403 in
229 342 333 421 primis
344 341 400 402 fuit
410 341 588 418 admirabile,
605 362 672 404 cum
686 343 811 404 maxima
821 360 944 406 munera
956 342 983 404 ei
998 342 1033 403 ab
1044 344 1163 423 regibus

94 444 128 487 ac
154 426 285 507 dynastis
312 427 536 506 civitatibusque
561 428 785 496 conferrentur,
812 428 891 507 quod
918 426 993 490 nihil
1022 446 1162 509 umquam

95 511 216 572 domum
231 531 314 575 suam
330 511 471 586 contulit,
493 512 568 573 nihil
583 514 619 573 de
633 512 729 586 victu,
753 511 827 574 nihil
842 514 878 574 de
892 513 998 576 vestitu
1012 510 1164 579 Laconum

94 596 225 659 mutavit.
248 596 342 659 Domo
354 597 455 658 eadem
468 595 525 657 fuit
535 605 702 671 contentus,
721 616 779 676 qua
795 596 1005 677 Eurysthenes,
1023 600 1194 678 progeni-4

94 688 142 741 tor
157 682 301 744 maiorum
315 700 458 756 suorum,
480 682 576 743 luerat
595 700 683 756 usus3
710 701 798 762 quam
814 682 866 761 qui
887 682 1025 759 intrarat,
1048 684 1163 745 nullum

94 766 215 847 siguum
228 766 369 837 libidinis,
392 764 507 828 nullum
527 765 661 828 luxuriae
675 766 774 840 uidere
789 775 914 846 poterat,
930 777 1033 829 contra
1049 788 1081 830 ea
1097 769 1163 849 plu-

95 849 170 913 rima
184 852 342 930 patientiae
356 859 446 931 atque
462 851 669 913 abstinentiae:
686 853 729 912 sic
744 852 824 913 enirn
839 860 902 913 erat
916 853 1068 917 instructa.
1085 862 1117 915 ut
1133 855 1164 915 in

95 936 176 996 nulla
191 956 224 998 re
239 936 371 998 differret
385 935 514 998 cuiusvis
529 935 627 1019 inopis
642 944 729 1017 atque
744 936 857 1016 privati.

181 1024 277 1102 Atque
291 1021 340 1083 hic
353 1029 452 1083 tantus
467 1021 510 1081 vir
525 1030 558 1082 ut
572 1029 707 1082 naturam
722 1021 875 1082 fautricem
896 1021 1038 1084 habuerat
1058 1023 1088 1083 in
1112 1022 1165 1084 tri·
1178 1020 1196 1083 8

94 1105 221 1168 huendis
242 1106 331 1169 animi
352 1105 526 1180 virtutibus,
548 1105 591 1166 sic
611 1105 771 1167 maleficam
792 1115 897 1167 nactus
918 1106 1013 1167 estin
1039 1126 1164 1187 corpore

94 1191 245 1268 fingendo.
274 1190 348 1252 Nam
364 1199 392 1251 et
407 1198 516 1253 statura
531 1190 588 1250 luit
602 1189 705 1251 humili
721 1199 751 1251 et
766 1209 891 1270 corpore
906 1190 1011 1268 exiguo
1034 1203 1063 1254 et
1085 1193 1164 1253 clau-

96 1275 151 1335 dus
174 1277 265 1337 altero
288 1276 372 1357 pede.
408 1276 490 1347 Quae
511 1295 558 1336 res
575 1275 660 1337 etiam
683 1275 857 1336 nonnullam
873 1276 1011 1337 afferebat
1025 1277 1165 1338 deformi-

94 1368 195 1437 tatem,
211 1369 298 1440 atque
313 1360 417 1440 ignoti,
435 1360 540 1421 faciem
554 1359 618 1421 eius
628 1378 695 1421 cum
707 1359 904 1436 intuerentur,
919 1362 1162 1435 contemnebaut3

95 1445 146 1523 qui
162 1456 259 1506 autem
274 1446 396 1507 virtutes
412 1453 563 1519 noverant,
578 1464 639 1505 non
655 1452 792 1523 poterant
813 1445 948 1507 admirari
970 1447 1049 1508 satis.
1081 1447 1194 1518 Qu0d2

95 1531 123 1590 ei
139 1550 195 1591 usu
211 1531 299 1606 venit,
322 1549 390 1591 cum
411 1549 558 1591 annorum
582 1549 656 1607 cxxx
678 1530 810 1591 subsidio
831 1530 930 1591 Tacho
951 1531 1165 1611 inaegyptum

75 1659 78 1663 .
95 1614 178 1676 iisset
199 1623 227 1676 et
249 1614 280 1675 in
295 1623 357 1676 acta
375 1634 441 1676 cum
458 1614 520 1676 suis
535 1615 721 1675 accubuisset
734 1614 799 1676 sine
814 1614 875 1676 ullo
890 1623 967 1675 tecto
982 1623 1165 1692 stratumque

94 1699 216 1760 haberet
231 1699 297 1775 tale,
312 1708 347 1760 ut
361 1707 440 1761 terra
455 1708 529 1760 tecta
552 1707 629 1760 esset
649 1700 817 1760 stramemis
839 1718 937 1778 neque
958 1701 1018 1761 buc
1038 1700 1164 1780 amplius

95 1802 183 1862 quam
199 1785 284 1863 pullis
299 1793 378 1846 esset
392 1784 510 1859 iniecta,
527 1784 688 1863 eodemque
700 1784 822 1845 comites
833 1784 939 1846 omnes'
948 1786 1164 1860 accubuissent,

92 1870 199 1930 vestitu
215 1869 320 1931 humili
336 1877 425 1949 atque
440 1868 582 1944 obsoleto,
598 1875 631 1929 ut
645 1887 749 1930 eorum
763 1876 885 1930 ornatus
897 1888 957 1931 non
972 1871 1060 1931 modo
1076 1871 1106 1931 in
1118 1870 1165 1931 his

92 1971 195 2033 regem
218 1954 368 2017 neminem
387 1955 574 2032 significaret,
595 1954 647 2014 sed
667 1953 803 2015 homines
824 1972 885 2014 non
905 1955 1091 2016 beatissimos
1114 1974 1162 2016 su·

93 2038 259 2119 spicioaem
274 2040 437 2118 praeberet.
460 2039 556 2100 Huius
571 2039 607 2100 de
622 2039 748 2101 adventu
762 2038 839 2100 lama
854 2057 922 2100 cum
933 2040 968 2102 ad
979 2040 1077 2119 regios
1089 2047 1166 2102 esset
1180 2041 1195 2091 3

162 2189 234 2240 nibil
251 2188 374 2240 decimu
396 2205 422 2242 u.
440 2205 461 2241 s.
479 2206 524 2254 w.,
546 2188 570 2240 d.
592 2188 618 2239 h.
643 2188 683 2241 lsn
705 2189 762 2241 sich
778 2188 820 2240 die
837 2190 1014 2243 bebensweise
1029 2189 1082 2241 und
1098 2188 1166 2241 Klei-

93 2255 165 2323 dung
182 2257 228 2309 der
244 2255 440 2309 Lacedlmonier
456 2256 601 2309 beibehielt.

162 2328 188 2377 4.
206 2324 341 2391 Agesilaus
358 2340 412 2376 war
430 2325 500 2377 nicht
517 2339 563 2376 aus
581 2324 626 2376 cler
642 2324 713 2375 Linie
730 2322 775 2376 des
793 2323 975 2391 Eurystheum,
992 2324 1101 2377 sondern
1121 2323 1166 2377 des

94 2390 212 2445 Prokles.
237 2390 456 2444 Auchbewobnte
474 2392 580 2444 etnicht
592 2392 753 2457 jenesllaus‚
771 2391 1166 2445 wlewohleinsehrveralletes.

162 2463 336 2526 progenitor,
361 2461 416 2512 hier
432 2461 632 2524 ‘Stammvater¹‚
650 2459 731 2511 findet
753 2460 808 2512 sich
832 2462 905 2511 soust
926 2460 951 2510 iu
974 2460 1065 2512 alteror
1089 2460 1165 2511 Prosa

93 2526 174 2579 nicht.
192 2555 225 2564 —
242 2542 352 2578 suorum
370 2529 420 2581 wie
438 2527 501 2579 Mill.
522 2531 544 2594 1,
564 2533 585 2578 l.
603 2557 637 2567 -
655 2534 750 2579 contra
769 2544 800 2578 ea
818 2528 868 2578 wie
885 2543 922 2595 pr.
940 2531 964 2580 6.
982 2556 1016 2564 -
1032 2531 1165 2594 patientia

92 2594 270 2661 ιΑὴῑιᾱηιιηςῖ
287 2625 321 2633 -
338 2598 471 2647 irmtructa
487 2597 681 2662 ‘ausgestcttet'.

164 2666 427 2729 culusum—provo&
449 2663 529 2730 hhngt
549 2663 580 2714 ab
604 2679 663 2715 vom
685 2679 717 2715 zu
743 2662 919 2730 erghnuenden
935 2661 1040 2726 SubJect
1064 2662 1164 2713 domus.

92 2731 187 2796 Inopia
205 2737 285 2796 atquc
301 2735 405 2798 priami
423 2732 472 2782 wie
489 2732 576 2783 Chabr.
598 2736 622 2796 3,
640 2735 655 2784 3
673 2735 779 2796 magnis
798 2732 949 2797 liberisque.

163 2793 192 2856 8.
221 2803 243 2851 1.
271 2803 370 2864 aeguo
396 2798 546 2852 ‘schmhcbti
575 2838 581 2850 .
603 2829 637 2838 —
663 2803 752 2866 ignoti
776 2800 831 2852 hier
857 2798 937 2862 auctir,
963 2797 1004 2851 die
1027 2798 1070 2848 ihu
1095 2798 1166 2850 nicht

90 2865 216 2987 bznnoen’
233 2867 284 2920 wie
301 2869 454 2920 auchuuser
472 2867 553 2919 ‘Unbe
588 2868 655 2919 unte’
678 2867 819 2934 gebraucht
843 2866 915 2919 wird.
944 2895 973 2904 -
995 2866 1093 2927 faeiem
1116 2867 1166 2919 wie

163 2974 192 3054 2.'
206 3005 252 3055 361
273 3019 297 3052 v.
316 3000 360 3052 Ch.
380 3030 410 3040 —
431 3002 517 3067 Quod,
534 3002 610 3053 naml.
627 3007 656 3053 ut
674 3002 756 3068 ignoti
773 3017 837 3055 eum·
849 3005 1040 3054 contemnerent
1057 3031 1088 3040 -—
1108 3018 1165 3053 usu.

92 3071 121 3125 S.
139 3085 172 3121 zu
188 3069 242 3120 Alc.
262 3072 287 3134 4,
305 3073 328 3122 5.
346 3098 379 3109 -
398 3085 532 3122 annorum
550 3084 625 3136 cxxx,
648 3069 749 3122 Genltiv
772 3069 817 3120 der
833 3069 1009 3136 Eigenschaft:
1036 3070 1168 3122 iibersetze

92 3141 136 3192 ⁶80
154 3137 230 3190 Jahre
247 3138 300 3188 alt'.
316 3166 351 3176 -
372 3136 469 3190 Tacho.
505 3136 531 3189 S.
549 3154 581 3189 zu
599 3136 690 3189 Chabr.
708 3140 732 3189 2.

163 3209 264 3256 iniecta
300 3206 349 3257 wic
374 3205 463 3257 Them.
487 3210 517 3271 Ἰ,
543 3210 557 3258 5
575 3209 735 3273 oppositum.
755 3233 788 3242 -
806 3205 960 3270 eodmcque,
978 3205 1053 3255 nami.
1072 3209 1166 3267 strato,

91 3272 134 3324 liar
151 3271 384 3340 dasgewohnlicbe
400 3278 430 3325 io
450 3275 598 3339 codmnqoa.
620 3274 653 3325 Es
672 3274 736 3326 wird
753 3273 791 3324 als
800 3273 938 3325 besonders
950 3271 1167 3338 bervorgehoben,

92 3341 154 3393 dass
171 3341 306 3407 Agesilaus
324 3341 379 3394 sein
397 3342 479 3409 Lager
496 3341 542 3392 mit
559 3342 646 3393 seinen
664 3341 811 3409 Begleitem
829 3340 926 3391 tbeilte.

162 3412 261 3459 uestitu
288 3409 384 3460 lono'tt
411 3408 491 3477 atqui
517 3410 631 3461 obsoleto
658 3409 719 3476 geht
746 3408 791 3460 aul
816 3408 865 3458 alle
897 3406 987 3459 vorher
1018 3406 1165 3460 erwiihnten

92 3474 241 3595 {ubJecteb
255 3477 356 3529 sowohl
377 3477 579 3573 Agesilaus‘als
605 3478 675 3530 seine
697 3477 833 3544 Begleiler.
856 3504 891 3513 -
912 3480 1024 3525 ornatus
1051 3477 1166 3543 ‘Anzug’.

148 3560 204 3595 ‚zu
244 3549 276 3594 at.
296 3549 320 3609 3,
338 3549 361 3599 3.

91 3559 135 3731 ις
162 3628 217 3663 coo
242 3614 418 3677 beatissimos,
444 3612 520 3664 nhml.
543 3628 613 3665 esse:
640 3613 708 3665 ‘dass
736 3627 764 3663 es
783 3609 853 3661 nicht
870 3608 911 3661 die
938 3608 1167 3663 wohlbabendsten

112 3685 172 3731 ente
190 3680 276 3732 seien'.

163 3751 187 3799 3.
205 3752 310 3811 regios.-
329 3747 370 3798 die
388 3749 467 3799 Leute
486 3747 530 3799 des
548 3746 644 3814 Kbnigs
662 3762 713 3798 von
732 3746 869 3813 Aegypteu
888 3743 1016 3811 (Tacbus),
1040 3746 1085 3797 der
1102 3746 1167 3797 auch

92 3817 108 3880 ᾗ
127 3817 145 3866 4
164 3816 276 3881 gemeint
291 3815 332 3866 lst.
