2580 4372
422 156 497 210 xvu.
515 155 705 210 uersutus
723 161 749 210 5.
1067 158 1126 221 107

54 323 307 408 quaerereturque
329 329 365 389 ab
388 349 439 402 eo,
462 329 533 406 quid
554 328 599 388 his
614 328 702 390 vellet
715 331 788 403 fieri,
812 331 867 391 etsi
882 331 993 409 aliquot
1007 331 1128 392 vulnera

55 423 209 492 acceperat
218 433 253 475 eo
265 414 378 493 proelio
391 422 420 474 et
428 414 521 474 iratus
528 413 679 474 videbatur
686 415 833 489 omnibus,
842 416 893 495 qui
900 416 1038 476 adversus
1050 435 1128 476 arma

55 498 194 571 tulerant,
210 507 307 560 tamen
323 498 458 560 antetulit
471 499 532 559 irae
546 498 719 577 religionem
733 507 761 560 et
776 519 826 561 eos
837 500 928 561 vetuit
939 500 1049 560 violari.
1071 501 1128 561 Ne·
1143 514 1156 561 t

57 599 115 660 que
132 601 199 643 vero
215 584 272 645 hoc
287 584 384 643 solum
399 583 430 643 in
453 583 573 644 Graecia
595 583 679 660 lecit,
704 592 736 645 ut
752 584 862 663 templa
884 585 1007 645 deorum
1029 594 1128 647 saneta

54 667 186 742 haberet,
202 668 253 729 sed
269 668 356 729 etiam
371 668 448 747 apud
463 668 603 739 barbaros
617 687 730 729 summa
752 668 896 746 religione
918 670 1016 730 omnia
1036 670 1128 730 simu·

54 752 135 812 lacra
149 771 272 833 arasque
289 754 477 814 conservavit.
508 752 609 832 ltaque
624 753 809 831 praedicabat
822 755 922 814 mirari
946 773 977 815 se
1000 773 1060 814 non
1083 773 1128 815 sa·
1143 767 1158 816 8

56 836 235 916 crilegorum
257 858 383 899 numero
404 838 521 913 haberi,
544 839 594 915 qui
617 839 801 917 supplicibus
823 857 926 899 eorum
947 839 1128 911 nocuissent,

56 929 108 981 aut
123 941 184 983 non
195 923 376 1002 gravioribus
389 923 494 1002 poenis
504 922 591 997 affici,
603 924 653 1002 qui
666 923 839 1001 religionem
851 923 1029 997 minuerent,
1042 941 1131 1005 quam
1164 967 1166 973 -

54 1006 109 1084 qui
123 1007 191 1068 lana
203 1008 374 1086 spoliarent.

142 1090 213 1152 Post
225 1094 284 1153 hoc
298 1092 446 1172 proelium
466 1091 605 1153 collatum
626 1110 714 1152 omne
735 1092 845 1153 bellum
866 1100 911 1153 est
932 1094 1009 1152 circa
1025 1092 1161 1157 Corin-5
1215 1147 1217 1151 .

55 1175 141 1236 thum
156 1178 283 1256 ideoque
299 1177 483 1239 Corinthium
499 1187 543 1237 est
564 1177 751 1255 appellatum.
782 1177 837 1237 llic
858 1196 926 1236 cum
948 1195 1008 1237 una
1029 1185 1158 1255 pugnat

55 1260 160 1322 decem
174 1261 254 1323 milia
268 1262 400 1322 hostium
417 1261 550 1339 Agesilao
566 1263 640 1322 duce
663 1261 839 1322 cecidissent
854 1280 948 1340 ecque
963 1262 1040 1322 lacto
1057 1280 1129 1340 opes

51 1345 290 1407 >adversariorum
305 1347 469 1408 debilitatae
484 1345 662 1418 viderentur,
677 1354 791 1407 tantum
808 1365 823 1406 a
844 1347 900 1406 suit
915 1347 950 1407 ah
972 1346 1128 1407 insolentia

55 1429 177 1508 gloriae,
194 1439 227 1492 ut
240 1432 462 1493 commiseratus
478 1431 516 1490 sit
528 1433 677 1491 l'ortunam
694 1411 943 1508 Graecia‘isquod
965 1437 1023 1491 tam
1044 1430 1129 1490 multi

56 1532 72 1573 a
89 1534 120 1577 se
135 1517 204 1581 victi
219 1516 287 1576 vitio
303 1515 537 1577 adversariorum
552 1515 766 1577 concidissent:
783 1534 910 1595 namque
932 1515 981 1576 illa
995 1515 1129 1576 multitu-

56 1599 141 1673 dine,
164 1601 189 1661 si
210 1620 281 1663 sana
295 1620 379 1662 mens
401 1609 477 1662 esset
493 1598 646 1673 Graeciae,
663 1601 843 1679 supplicium
857 1599 962 1660 Persas
984 1600 1053 1660 dare
1075 1618 1129 1677 po-

55 1685 160 1746 tuisse.
190 1684 269 1746 ldem
293 1705 361 1746 cum
383 1685 562 1746 adversarios
587 1685 664 1752 intra
686 1685 802 1760 moenia
825 1684 1016 1762 compulisset
1037 1692 1080 1757 et,
1098 1693 1159 1743 ut3

57 1769 234 1831 Corinthum
250 1779 444 1850 oppugnaret,
461 1770 546 1830 multi
560 1770 760 1843 hortarentur,
777 1770 893 1848 negavit
907 1769 936 1828 id
948 1787 1018 1829 suae
1029 1768 1128 1829 virtuti

56 1855 230 1916 convenire:
248 1874 280 1917 se
296 1856 374 1917 enim
391 1874 458 1917 eum
474 1873 537 1916 esse
553 1855 632 1929 dixit,
649 1854 699 1933 qui
715 1855 750 1915 ad
772 1854 900 1915 officium
916 1853 1066 1932 peccantis
1081 1873 1129 1913 re-

57 1939 121 2000 dire
137 1950 272 2016 cogeret,
295 1959 356 2001 non
372 1941 423 2018 qui
445 1940 533 2000 urbes
555 1939 752 2000 nobilissimas
774 1946 957 2019 expugnaret
980 1937 1126 1998 Graeciae.

54 2023 129 2084 Nam
137 2024 171 2098 si,
179 2024 286 2104 inquit,
298 2043 349 2085 eos
361 2025 548 2104 exstinguere
559 2024 748 2099 voluerimus,
761 2024 811 2104 qui
823 2023 978 2084 nobiscum
989 2024 1127 2084 adversus
1144 2032 1159 2081 t

54 2108 197 2170 barbaros
212 2117 368 2184 steterunt,
391 2119 506 2171 nosmet
526 2110 584 2188 ipsi
606 2128 661 2170 nos
684 2109 948 2188 expugnaverimus
970 2107 1027 2168 illis
1050 2109 1130 2188 quie-

54 2195 219 2255 scentibus.
244 2193 309 2265 Quo
326 2196 401 2257 lacto
413 2195 476 2256 sine
490 2194 619 2272 negotio,
633 2213 700 2255 cum
711 2195 868 2268 voluerint,
884 2212 938 2254 nos
950 2193 1128 2272 oppriment.

128 2391 439 2459 his,‘n1itihnen',ltann
465 2396 564 2447 sowohl
581 2397 656 2448 Dativ
679 2397 716 2447 als
734 2394 837 2446 Ablativ
861 2394 923 2446 sein.
945 2424 979 2432 -
1003 2396 1130 2446 adversus

57 2462 110 2514 wie
128 2461 181 2514 Pel.
204 2466 224 2526 l,
236 2466 258 2517 3.
269 2492 302 2500 —
312 2465 438 2514 antetulit
446 2464 534 2516 ‘hdher
551 2464 614 2515 hiclt
631 2465 685 2525 als',
695 2465 766 2515 ‘iiber
775 2493 807 2501 -
819 2463 921 2515 stellte’.
930 2492 965 2502 -
973 2463 1131 2528 religionem

55 2531 108 2583 wie
126 2546 148 2580 c.
167 2533 190 2595 2,
209 2535 232 2582 5.
251 2560 285 2568 -
303 2547 347 2583 eos
365 2533 464 2582 violari
480 2532 565 2584 ‘ihnen
583 2534 623 2583 ein
640 2531 729 2591 Leides
747 2548 778 2582 zu
797 2530 876 2582 thun’.

128 2600 152 2649 8.
178 2599 354 2662 praedicebat
379 2600 478 2666 ‘sprach
506 2615 532 2651 er
559 2616 586 2652 es
611 2603 673 2652 aus'.
691 2629 724 2638 -
741 2599 935 2665 sacrilegorum
953 2615 1063 2650 numero
1083 2599 1130 2650 ‘hir

53 2661 274 2732 Tempelrduber'.

127 2750 227 2798 eorum,
246 2734 437 2786 simulacrorum
456 2741 481 2787 et
499 2751 610 2794 aramm3
630 2736 677 2786 wir
693 2737 733 2786 ‘an
752 2734 836 2787 ihnen'
856 2735 918 2786 oder
934 2735 1022 2788 besser
1046 2739 1131 2786 ‘unter

55 2801 138 2854 ihrem
157 2802 267 2854 Schutz'.
302 2802 406 2853 Nocere
424 2803 492 2853 ‘Leid
510 2803 636 2869 zuliigen'.

128 2871 284 2934 religionem
302 2875 423 2922 minuere
440 2872 544 2938 eigentl.
565 2871 616 2924 ‘der
634 2870 808 2922 Gottessurcht
825 2871 944 2922 Abhruch
963 2870 1042 2933 thun',
1061 2870 1085 2921 d.
1106 2873 1130 2923 h.

56 2939 151 3005 ‘gegen
168 2939 206 2990 sie
225 2937 349 2990 handeln’.

127 3006 152 3063 5.
175 3010 195 3056 l.
214 3006 258 3058 Bis
277 3009 326 3059 387
345 3024 369 3058 v.
387 3006 432 3059 uh.
450 3035 483 3044 —
502 3007 628 3057 collatum
646 3011 684 3056 est
701 3008 758 3071 ‘zog
776 3005 830 3057 sich
848 3008 1011 3057 zusamnren’.

128 3075 152 3126 2.
170 3074 216 3126 Bei
233 3074 316 3127 dieser
334 3075 454 3127 Schlacht
471 3090 525 3125 war
541 3074 675 3141 Agesilaus
695 3072 764 3124 nicht
782 3088 911 3140 angegeli,
934 3074 971 3125 sie
990 3072 1061 3125 ward
1079 3073 1130 3126 ihm

57 3141 104 3260 apl
125 3140 185 3261 deepJ
206 3142 344 3212 Riielmuge
370 3159 415 3196 aus
438 3143 516 3196 Asien
538 3141 673 3210 gemeldet.
708 3141 752 3194 Die
771 3141 833 3193 Zahl
856 3141 901 3194 der
919 3141 1081 3210 Gelangenen
1098 3142 1132 3192 ist

57 3214 73 3262 ir
95 3209 168 3263 ertrie
187 3227 227 3264 en.

129 3298 158 3332 eo
185 3280 259 3342 sueto
278 3282 328 3333 wie
350 3281 403 3347 lph.
430 3286 453 3347 1,
470 3285 487 3334 4
505 3297 557 3346 quo
575 3280 657 3341 sacto.
675 3308 710 3316 -
727 3280 870 3330 insolentia
886 3279 994 3344 gloriae
1029 3275 1131 3328 ‘Ueber-

55 3346 163 3416 hebung
180 3349 225 3400 der
243 3349 470 3416 Ruhmrediglxeit'.
509 3348 600 3400 Gloria
619 3347 682 3412 hier,
700 3348 750 3399 wie
768 3348 840 3410 diter,
858 3347 912 3398 ‘das
930 3344 1062 3396 Riihmen'.

126 3417 175 3468 illa
200 3418 373 3468 multitudine
398 3434 422 3470 u.
441 3433 461 3470 s.
487 3434 535 3469 w.:
560 3416 605 3467 mit
623 3415 704 3467 einem
723 3431 768 3467 aus
783 3417 861 3479 jenen
882 3416 964 3466 10000
983 3411 1130 3480 gebildeten

57 3484 139 3537 Heere
157 3485 244 3537 hitten
263 3485 303 3536 die
320 3485 411 3538 Persen
428 3486 529 3551 besiegt
546 3484 647 3535 werden
665 3483 776 3536 hinnen.
803 3482 955 3534 Uebersetze
969 3481 1132 3547 reapplice'urn

57 3553 125 3605 dare
144 3554 197 3604 ‘zur
213 3556 355 3606 dussersten
376 3553 459 3605 Strale
493 3567 590 3620 ezogen
607 3550 726 3603 werden’.

82 3635 85 3642 ·
129 3624 153 3674 3.
171 3637 236 3672 sacae
253 3624 350 3672 virtuti
372 3622 465 3673 ‘einem
509 3636 573 3672 anne
591 3620 640 3671 wie
659 3620 701 3669 er’.
721 3649 751 3656 —
770 3620 794 3669 4.
810 3631 968 3680 enpugnere
986 3616 1032 3667 mit
1050 3617 1132 3668 einem

56 3690 190 3741 Personen
207 3689 412 3742 bezeichnenden
432 3688 578 3753 Accusativ,
603 3685 701 3738 welche
714 3685 763 3737 'liir
781 3684 822 3735 die
840 3682 900 3736 Oete
922 3683 1009 3748 stehn,
1032 3683 1072 3736 die
1096 3684 1133 3736 sie

56 3758 118 3808 inne
144 3756 236 3821 haben,
264 3757 298 3809 ist
323 3757 466 3823 imalterer
491 3755 569 3808 Prosa
595 3755 685 3807 selten.
720 3753 873 3810 Uebersetzc
892 3751 1082 3819 ‘unterjochen'.
1100 3764 1133 3790 ¹-

58 3824 118 3889 Qno
137 3825 211 3896 facto
230 3824 279 3877 wie
298 3825 373 3878 Paus.
392 3827 416 3890 2,
435 3827 458 3878 6.
