2580 4372
531 185 549 235 1.
576 182 753 235 MILTIADES.
773 188 785 236 1
990 232 992 237 .
1155 179 1190 238 11

123 355 275 415 veniemus
291 364 320 416 et
334 356 365 416 in
380 356 437 416 hoc
453 373 634 434 exponemus
650 354 725 415 libro
742 354 778 415 de
798 353 855 415 vita
877 354 1082 417 excellentium
1097 354 1191 432 irnpe-

125 446 265 501 ratorum.
487 498 496 527 ,ι

530 543 550 583 1.
579 543 788 584 urnarnons.

209 610 378 682 Mmrraons,
403 606 532 669 Cimonis
554 608 641 683 filius,
665 608 862 682 Atheniensis,
887 625 953 669 cum
977 616 1005 668 et
1019 608 1192 686 antiquitate

124 695 242 775 generis
258 703 286 755 et
300 694 392 772 gloria
406 694 550 754 maiorum
566 701 597 753 et
609 713 662 754 sua
676 693 819 754 modestia
832 712 911 755 unus
923 693 1055 753 omnium
1070 693 1193 756 maxime

39 828 42 832 Α
124 782 244 841 floreret
258 797 350 857 eaque
366 786 443 839 esset
457 786 560 853 aetate,
576 787 610 839 ut
624 798 686 839 non
697 779 754 838 iam
769 778 865 839 solnm
880 778 916 839 de
931 797 967 838 eo
978 777 1054 839 hene
1063 797 1193 858 sperare,

125 866 176 927 sed
192 865 276 926 etiam
293 863 440 924 confidere
455 864 533 924 cives
544 871 667 941 possent
681 864 727 924 sui
742 863 827 925 talem
840 881 906 924 eum
920 863 1064 939 futurum,
1078 864 1194 941 qualem

125 949 276 1029 cognitum
288 949 464 1020 iudicarunt,
476 947 590 1022 accidit,
603 957 636 1009 ut
644 949 836 1009 Athenienses
844 947 1059 1011 Chersonesum
1073 948 1194 1009 colonos

126 1035 233 1096 vellent
253 1033 378 1095 mittere.
411 1033 501 1094 Cuius
523 1034 640 1111 generis
664 1052 731 1094 cum
754 1051 879 1111 magnus
901 1052 1043 1095 numerus
1066 1043 1142 1094 esset
1166 1037 1224 1095 etl

124 1119 290 1182 multicias
306 1118 525 1196 demigrationis
540 1126 676 1196 peterent
690 1117 869 1192 societatem,
886 1137 920 1178 ex
936 1118 993 1182 his,
1004 1119 1110 1179 delecti
1126 1117 1193 1179 Del·

125 1206 200 1285 phos
223 1203 414 1264 deliberatum
435 1203 517 1265 missi
540 1212 620 1279 sunt,
643 1204 693 1280 qui
717 1203 906 1264 consulerent
928 1203 1102 1281 Apollinem,
1133 1222 1193 1281 quo

125 1289 311 1371 potissimum
327 1289 401 1349 duce
416 1295 580 1349 uterentur.
604 1287 736 1367 Namque
752 1299 816 1350 tum
828 1289 975 1349 Thraeces
990 1307 1038 1348 eas
1054 1288 1192 1365 regiones

124 1374 274 1447 tenebant,
289 1391 356 1433 oum
369 1373 476 1452 quihus
487 1372 575 1434 armis
591 1381 652 1434 erat
667 1372 872 1435 dimicandum.
902 1372 954 1433 His
970 1373 1195 1434 consulentibus
1209 1377 1224 1427 3

125 1458 298 1521 nominatim
313 1458 418 1537 Pythia
433 1457 592 1537 praecepit,
608 1466 641 1519 ut
655 1458 811 1519 Miltiadem
834 1458 1042 1536 imperatorem
1062 1459 1119 1519 sihi
1142 1477 1193 1519 su·

125 1553 254 1605 merent:
278 1542 308 1603 id
329 1543 354 1602 si
376 1543 524 1618 fecissent,
548 1542 665 1621 incepta
686 1561 829 1622 prospera
851 1543 959 1604 sutura.
996 1542 1067 1621 ,Hoc
1082 1543 1225 1604 oraculi4

124 1647 269 1708 responso
285 1627 429 1689 Miltiades
451 1647 519 1688 cum
534 1627 644 1688 delecta
665 1647 755 1689 manu
771 1628 862 1688 classe
885 1627 1101 1689 Chersonesum
1124 1646 1194 1705 pro·

125 1715 220 1774 lectus
233 1731 301 1775 eum
316 1714 487 1775 accessisset
502 1713 646 1775 Lemnum
670 1722 699 1773 et
712 1713 824 1774 incolas
847 1713 911 1774 eius
925 1713 1038 1774 insulae
1061 1712 1117 1774 suh
1139 1730 1194 1791 po-

193 1880 379 1931 eaeelleatium
401 1883 593 1944 imperatorum
609 1878 862 1946 ‘ausgezeichneter’,
879 1879 949 1930 nicht
965 1877 1018 1930 ‘der
1032 1878 1194 1945 ausgezeich-

125 1953 200 2000 neten
208 1947 361 2013 Feldherro'‚
387 1946 420 1998 da
429 1947 483 1998 dies
501 1946 572 1998 Buch
581 1947 651 2065 ffloss
661 1947 701 1999 die
724 1946 1033 2014 auswartigenumlasste.
1061 1947 1194 1998 S.d.Einl.

607 2029 731 2067 rnrraoes.

195 2079 221 2137 1.
242 2086 264 2134 1.
282 2083 411 2133 medentia
427 2081 663 2143 ‘Wohlverhalten’,
681 2084 763 2149 ‘gates
780 2083 923 2149 Betragen',
941 2082 1000 2134 dass
1016 2082 1123 2134 Jemand
1142 2081 1194 2133 sich

125 2149 252 2271 iohAfflem
268 2150 401 2270 ὶιιηὶῐὴείὶ)
425 2150 470 2202 der
491 2150 615 2217 richtigen
634 2151 748 2204 Cranaen
771 2150 838 2215 hiilt,
856 2150 944 2202 keiner
961 2150 1194 2217 Ausschreitungen

125 2234 188 2272 scu
216 2219 225 2269 i
260 2234 316 2270 mac
336 2224 353 2268 t.

193 2234 262 2336 πηξιε
280 2289 398 2337 omnium
415 2289 532 2336 inoxium
548 2289 657 2349 floreret
673 2288 733 2338 ‘von
751 2287 817 2338 allen
836 2285 877 2338 die
895 2285 1060 2354 gldnzeodste
1077 2283 1195 2352 Stelluog

127 2353 261 2406 einnahm’.
299 2353 370 2407 Unus
392 2355 426 2405 ist
448 2354 482 2404 im
505 2354 681 2406 lateinischen
704 2353 790 2421 hdufig
811 2353 1000 2420 pleonastische
1022 2353 1195 2418 Verstiirlcung

126 2423 172 2474 des
190 2420 356 2488 Superlativs.
392 2421 485 2488 Zumpt
502 2424 518 2486 ξ
536 2425 595 2485 691,
613 2421 716 2488 Madvig
735 2423 750 2486 ξ
771 2425 819 2473 310
837 2422 911 2472 Anm.
931 2424 954 2472 2.

193 2493 243 2541 aui.
277 2491 311 2541 Es
329 2490 404 2541 sollte
423 2493 479 2540 eius
497 2489 611 2548 heissen;
635 2489 695 2540 aher
712 2505 739 2538 se
756 2489 809 2540 uod
826 2505 890 2539 saus
904 2488 1007 2540 werden
1025 2487 1149 2538 zuweileo
1167 2487 1193 2536 ln

125 2557 270 2625 Beziehung
289 2558 333 2608 aul
348 2557 392 2611 das
410 2557 515 2622 Subject
533 2556 577 2609 des
594 2557 762 2625 Hauptsatzes
781 2555 888 2608 anchin
907 2556 1010 2608 solchen
1021 2555 1195 2606 Nenensatzen

125 2631 232 2694 gesetzt,
249 2625 348 2677 welche
366 2626 436 2677 nieht
454 2626 502 2677 den
521 2624 656 2678 Gedaohen
675 2623 807 2678 desselben
826 2623 991 2676 ausdrsrclten.
1237 2673 1239 2677 .

194 2694 298 2760 qualem
317 2697 454 2758 cognitum
472 2693 632 2745 iudicarunt
649 2694 698 2745 ‘lsar
715 2693 830 2745 welchen
848 2693 885 2744 sie
903 2692 955 2758 ilrn,
973 2690 1096 2745 nachdem
1114 2706 1141 2741 er
1157 2705 1193 2742 er-

127 2763 203 2832 probt
220 2777 281 2823 war,
301 2761 395 2813 erklart
411 2762 510 2813 haben'.

194 2829 294 2881 oceidit
309 2845 334 2881 u.
353 2845 374 2881 s.
392 2845 425 2880 w.
451 2829 559 2881 llasvon
577 2829 671 2880 hieran
686 2830 720 2880 im
740 2833 812 2880 toton
830 2827 881 2879 und
900 2831 960 2879 tten
975 2829 1035 2894 Cap.
1052 2825 1196 2877 Berichtete

126 2898 167 2957 ist,
186 2898 232 2949 mit
248 2896 395 2948 Ausnahme
413 2897 458 2947 der
474 2896 633 2963 Erwerhung
650 2912 701 2948 ron
719 2897 834 2961 Lemnos,
852 2895 1009 2947 lrrthdmlieh
1035 2894 1079 2945 aul
1101 2908 1195 2945 unsern

126 2965 252 3019 Miltiades
279 2979 329 3016 von
354 2965 451 3017 seinem
479 2964 681 3033 gleichnamigen
708 2963 805 3029 Oheim,
831 2964 888 3016 dem
907 2963 976 3015 Sohn
1000 2962 1044 3014 des
1063 2962 1196 3031 Cypselus,

125 3034 225 3086 aibertra
246 3048 285 3084 en,
319 3033 409 3085 Jenem
418 3032 543 3084 Miltiades
560 3033 641 3099 lolgte
658 3033 712 3084 sein
730 3032 802 3084 Nelle
819 3031 976 3099 Stesagoras,
994 3029 1045 3080 ond
1064 3036 1114 3082 erst
1132 3028 1197 3080 nach

126 3101 217 3154 dassen
258 3101 307 3152 ode
323 3099 393 3152 ward
410 3116 487 3152 unser
502 3100 637 3164 Miltiades,
663 3101 707 3152 der
727 3101 835 3166 jungere
853 3099 950 3152 Bruder
974 3099 1019 3150 des
1037 3097 1195 3164 Stesagoras,

126 3169 191 3221 nach
209 3170 267 3221 dem
285 3168 425 3220 Chersooes
443 3167 560 3239 gesandt.

196 3236 391 3288 Chersonesum.
427 3235 587 3288 Grieehische
604 3235 793 3288 Landernamen
819 3236 862 3287 aul
883 3251 914 3285 us
937 3233 1040 3285 werden
1065 3231 1130 3283 diter
1147 3231 1196 3283 wie

126 3303 307 3358 Stddtenamen
323 3303 468 3356 behandelt.

195 3375 219 3426 2.
238 3373 385 3423 deliberare
402 3372 456 3424 hier
472 3388 498 3423 u.
517 3371 604 3422 Them.
623 3373 646 3436 2,
666 3374 681 3423 6
699 3372 725 3422 in
751 3370 796 3423 der
819 3375 891 3422 sonst
917 3368 986 3419 nicht
1008 3366 1128 3419 iihlichen
1150 3366 1197 3419 Be-

126 3441 241 3508 deutung
259 3438 333 3491 ‘Rath
352 3438 461 3492 suchen‘.
483 3446 487 3451 ’

196 3525 255 3559 oum
273 3509 375 3574 quibus.
410 3507 496 3574 Nepos
523 3510 588 3558 setzt
615 3521 674 3556 eoae
698 3510 761 3559 stets
782 3520 829 3557 vor
852 3504 897 3556 das
923 3503 1024 3554 Relativ
1046 3516 1129 3567 gagen
1147 3501 1196 3552 den

126 3575 338 3644 tiherwiegenden
356 3575 487 3628 Gebrauch
505 3573 549 3625 der
566 3575 669 3625 bessem
687 3572 876 3625 Schriltsteller.

196 3648 220 3697 3.
238 3647 404 3706 acuminatam,
433 3641 553 3694 wahreod
580 3642 617 3693 sie
645 3646 716 3692 sonst
738 3641 809 3693 ihren
834 3640 900 3692 Rath
922 3641 948 3691 in
966 3637 1082 3691 ziemlich
1100 3635 1196 3689 dunkle

126 3712 361 3778 Umsehreihuogen
379 3728 410 3763 ao
428 3711 514 3762 htillen
533 3709 637 3776 ptlegte.
1164 3743 1165 3746 ,

195 3784 219 3833 4.
245 3781 301 3831 Hoc
319 3794 454 3847 responso.
490 3777 538 3829 ller
556 3777 658 3828 Ablativ
677 3776 769 3828 drdcht
785 3776 825 3828 die
843 3776 1033 3841 Veranlassung
1049 3788 1109 3825 aus:
1128 3771 1197 3836 ‘anst
1277 3810 1283 3821 ,

124 3849 161 3899 ‘in
178 3848 273 3915 Folge'.
