2580 4372
496 179 573 245 vim.
592 179 709 232 couou.
728 186 754 236 r.
1121 178 1161 240 59
1228 156 1232 161 ’

91 348 270 426 opprobrio,
294 348 334 431 si,
357 368 424 410 cum
446 369 479 410 ex
503 369 535 412 ea
556 350 612 410 sim
627 354 794 431 profectae,
811 373 885 433 quae
901 354 1007 414 ceteris
1024 354 1161 432 gentihus

91 434 237 510 imperare
252 434 413 510 consuerit,
429 435 527 514 potius
542 436 735 498 barbarorum
751 457 838 516 quarn
853 438 932 501 illius
946 459 1029 500 more
1045 441 1161 517 iungar.

90 517 203 596 ltaque,
220 539 296 598 quae
310 520 381 580 huic
395 520 518 597 volebat,
535 521 643 600 scripta
658 523 786 584 tradidit.

177 604 292 675 Quibus
307 605 432 688 cognitis
447 625 498 666 rex
512 613 625 666 tantum
641 607 813 669 auctoritate
828 608 891 669 eius
905 617 1003 669 motus
1017 616 1069 682 est,
1085 616 1119 668 ut
1134 616 1195 674 et4

92 687 322 782 Tissaphernem
338 691 451 752 hostem
473 691 609 751 iudicarit
626 701 654 753 et
668 692 916 754 Lacedaemonios
930 693 1008 753 bello
1023 692 1163 772 persequi

92 775 212 834 iusserit
232 783 261 835 et
283 775 309 835 ei
330 777 513 855 permiserit,
536 795 624 854 quem
640 778 740 853 vellet,
763 777 871 856 eligere
887 778 922 839 ad
938 778 1163 856 dispensandam

92 859 256 934 pecuniam.
287 861 320 920 ld
335 860 487 922 arbitrium
505 861 607 922 Conon
623 863 740 941 negavit
754 863 799 923 sui
816 882 881 924 esse
896 863 1028 935 consilii,
1050 862 1101 929 sed
1117 862 1164 941 ip·

92 943 164 1018 sius,
180 945 231 1022 qui
246 945 357 1024 optime
372 965 443 1006 suos
455 964 543 1006 nosse
559 945 690 1022 deberet;
713 948 764 1008 sed
780 966 811 1008 se
826 948 959 1023 suadere,
975 947 1163 1008 Pharnabazo

92 1028 121 1087 id
136 1030 247 1107 negotii
262 1032 354 1091 daret.
385 1031 471 1105 Hinc,
488 1030 603 1108 magnis
618 1033 793 1092 muneribus
809 1034 950 1106 (tonnus,
973 1033 1008 1092 ad
1025 1050 1104 1092 mare
1120 1039 1193 1092 est2

90 1114 208 1189 missus,
225 1122 257 1175 ut
272 1115 391 1193 Cypriis
402 1124 431 1176 et
445 1115 643 1177 Phoenicibus
659 1118 824 1196 ceterisque
834 1118 988 1178 maritimis
1000 1117 1163 1177 civitatibus

91 1199 449 1279 navislongasimperaret
456 1202 648 1280 classemque,
661 1221 718 1280 qua
729 1203 862 1280 proxima
873 1210 981 1263 aestate
994 1220 1073 1262 mare
1085 1198 1164 1264 tueri
1179 1208 1193 1258 3

91 1291 203 1361 posset,
215 1293 407 1364 compararet,
424 1286 491 1345 dato
502 1286 635 1347 adiutore
650 1287 847 1363 Pharnabazo,
860 1288 1010 1366 sicutipse
1022 1286 1162 1347 voluerat.

91 1368 1163 1452 ldutLacedaemoniisestnuntiatum,nonsineourarcmadministrant‚

92 1455 171 1531 quod
194 1455 287 1515 maius
307 1456 417 1516 bellum
440 1456 595 1516 imminere
615 1457 848 1533 arbitrabantur,
872 1457 999 1536 quamsi
1016 1455 1165 1517 cumbar-

91 1537 164 1598 baro
179 1539 274 1599 solum
290 1540 514 1601 contenderent.
544 1541 615 1601 Nam
631 1541 737 1602 ducem
757 1544 878 1614 fortem,
895 1543 1071 1620 prudentem
1087 1540 1165 1618 regis

93 1623 199 1701 opibus
214 1627 419 1703 praefuturum
432 1645 465 1686 ac
481 1644 582 1686 secum
593 1626 799 1687 dimicaturum
810 1628 955 1698 videbant,
968 1645 1055 1705 quem
1068 1643 1165 1702 neque

93 1708 217 1769 consilio
233 1729 330 1790 neque
346 1711 440 1788 copiis
454 1729 596 1789 superare
610 1720 741 1789 possent.
765 1711 826 1771 Hac
837 1719 936 1772 mente
946 1728 1080 1789 magnam
1093 1728 1166 1769 con·
1180 1716 1196 1766 4

94 1792 214 1854 trahunt
229 1795 367 1869 classem3
385 1795 615 1874 proficiscuntur
630 1795 772 1857 Pisandro
789 1797 872 1856 duce.
896 1796 958 1856 Hos
974 1794 1076 1855 Conon
1089 1794 1167 1872 apud

94 1879 220 1942 Gnidum
236 1882 356 1941 adortus
370 1898 477 1958 magno
493 1880 606 1960 proelio
622 1881 718 1959 fugat,
742 1881 850 1942 multas
865 1900 953 1943 naves
969 1879 1062 1958 capit,
1086 1897 1166 1939 corn·

94 1967 195 2044 piures
218 1966 364 2044 deprimit.
411 1965 473 2035 Qua
496 1965 618 2027 victoria
636 1986 696 2027 non
713 1966 809 2027 solum
832 1967 980 2039 Athenae,
1004 1965 1055 2025 sed
1081 1964 1166 2024 etiam

94 2059 200 2112 ounota
216 2051 347 2127 Graecia,
359 2068 434 2128 quae
446 2051 502 2111 sub
515 2051 813 2113 Lacedaemoniorum
829 2053 925 2112 iuerat
940 2050 1074 2130 imperio,
1093 2048 1167 2109 libe-

164 2204 305 2252 eonruerr’t.
341 2199 390 2251 Der
408 2199 478 2264 Conj.
503 2201 553 2252 wie
571 2201 660 2253 Thras.
679 2205 704 2265 4,
723 2204 738 2254 2
762 2204 960 2268 concupiscant.
978 2231 1013 2238 —
1030 2200 1167 2265 profectur

94 2271 255 2335 iibertrageu,
274 2269 528 2336 ‘hervorgegaugeu'.
546 2298 579 2307 —
597 2269 701 2334 fungar
718 2269 792 2321 ‘dhe’.

164 2340 256 2401 ltaque
275 2338 334 2403 (aa),
353 2353 421 2402 punc
440 2338 502 2387 huic
521 2337 640 2400 (tradere)
659 2338 771 2400 volebat,
789 2339 891 2400 scripto
910 2335 1031 2386 tradidit.
1061 2335 1168 2400 Scripta
1253 2350 1256 2354 ·

94 2405 261 2524 steptfpiollpt
287 2404 501 2469 substantiviseh,
534 2404 643 2456 sonderu
677 2404 859 2471 appositionell
892 2402 1087 2469 ‘gesohrieben':
1123 2402 1169 2453 wir

94 2477 132 2526 ‘sc
150 2474 225 2524 ritic
246 2475 260 2523 ’.

164 2538 192 2596 4.
213 2545 236 2592 1.
255 2544 371 2606 cognitis
389 2540 439 2592 wie
456 2541 514 2607 Lys.
533 2543 558 2605 4,
575 2543 599 2594 3.
617 2569 651 2578 —
668 2544 841 2591 refutandum
860 2541 1022 2588 auctoritate
1044 2553 1068 2587 u.
1095 2552 1115 2588 s.
1136 2553 1167 2588 w.
1257 2563 1260 2566 ·

95 2611 165 2662 ‘hbte
183 2610 252 2661 scine
270 2610 373 2660 Person’
393 2608 590 2674 (derUmstand‚
608 2608 666 2661 dass
685 2624 718 2660 er
735 2607 790 2659 sich
808 2623 837 2658 so
856 2606 1073 2673 ausgesprocheo)
1085 2605 1168 2658 ‘einen
1248 2667 1252 2671 .

96 2678 201 2732 solcheu
219 2677 330 2729 Einssuss
347 2676 393 2727 auf
407 2677 455 2728 den
475 2676 575 2743 Konig'.

166 2749 265 2797 bustam
282 2745 405 2796 iudicare
420 2744 470 2795 ‘sdr
487 2744 560 2796 einen
577 2743 656 2796 Feiud
674 2743 807 2807 erhldren',
830 2742 855 2793 d.
881 2742 905 2794 h.
929 2741 969 2792 fdr
986 2740 1117 2808 vogelirei.

166 2815 202 2865 od
219 2813 424 2879 dispensandam
441 2817 583 2878 parrociam
600 2812 640 2863 hir
658 2812 706 2864 den
720 2811 797 2878 Krieg
814 2826 898 2878 gagen
915 2810 956 2862 die
965 2809 1168 2872 Laceddmonier,
1255 2832 1260 2839 ·

96 2883 212 2934 walchen
230 2883 317 2934 Conon
335 2881 425 2932 ftihren
442 2881 526 2937 solite.
630 2912 632 2918 ·

165 2949 199 3003 Id
224 2952 367 3001 arbitrium
392 2949 442 3000 ‘die
464 2947 654 3013 Entscheidung
680 2947 813 2998 hierdber’.
849 2945 874 2998 S.
898 2961 928 2995 zu
951 2944 1025 2996 Paus.
1050 2947 1074 3009 4,
1093 2948 1117 2997 6.

165 3022 208 3068 ani
226 3035 279 3068 aare
297 3017 405 3068 consilii
422 3017 466 3068 ‘sei
484 3015 565 3068 Sache
590 3016 673 3067 seiuer
690 3015 853 3080 Errrdgung',
871 3013 964 3064 ‘hdnne
983 3028 1010 3065 er
1027 3014 1168 3079 erwdgen';

96 3087 144 3136 sed
161 3090 253 3152 ipsius,
271 3085 347 3136 nami.
366 3099 431 3146 esse,
451 3084 567 3136 ‘scudem
585 3083 687 3134 homme
705 3083 757 3133 ihm
775 3082 856 3134 selbst
873 3080 940 3142 (dem
949 3080 1059 3146 Konige)
1078 3082 1171 3130 zu'.-·-

96 3154 144 3205 scd
160 3171 187 3204 ae
204 3154 325 3204 suadere.
360 3152 385 3205 S.
404 3168 435 3202 zu
453 3153 515 3204 Cim.
537 3156 557 3214 l,
576 3155 600 3203 4.

166 3224 196 3273 id
219 3225 322 3286 negotii
343 3219 481 3288 cigentlich
504 3220 583 3272 ‘diese
606 3220 652 3270 Art
671 3217 810 3283 Geschaist’,
830 3217 879 3268 wie
898 3232 995 3267 concaua
1012 3215 1078 3280 quid
1094 3214 1171 3265 Paus.

97 3293 122 3356 4,
142 3295 165 3343 5.
200 3290 284 3342 Ueber
301 3289 379 3340 durat
395 3305 427 3340 au
444 3287 507 3339 Mile.
528 3292 550 3352 4,
569 3290 593 3340 4.

167 3361 191 3410 2.
211 3359 288 3422 Hinc,
306 3373 366 3409 vom
384 3356 588 3408 Aufenthaltsort
605 3355 650 3406 des
669 3354 774 3420 Kdnigs‚
792 3367 847 3404 was
866 3367 912 3403 aus
930 3350 987 3402 dem
1005 3350 1170 3401 zusammen·

98 3426 167 3494 hang
185 3442 216 3477 zu
235 3425 387 3477 entnehmeu
405 3426 446 3476 ist.
466 3453 495 3464 -
518 3423 624 3489 Cypriis
642 3428 668 3474 et
685 3423 867 3472 Phoenicibus.
894 3419 921 3471 S.
938 3434 970 3469 zu
989 3417 1050 3469 Gim.
1070 3421 1094 3481 2,
1113 3421 1138 3470 2.

167 3498 190 3548 3.
216 3509 272 3544 rem
296 3494 488 3544 administrant
510 3491 608 3543 ‘treffen
632 3491 668 3542 sie
690 3491 744 3542 ihre
767 3487 917 3540 Austalten’.
940 3515 974 3523 -
991 3487 1085 3538 solum.
1120 3486 1171 3538 Das

99 3561 305 3629 gewdhniichcre
332 3562 366 3613 ist
392 3561 434 3611 bei
460 3560 541 3612 eiuem
560 3559 708 3611 Substantiv
731 3556 776 3608 das
794 3555 913 3618 Adjectiv
936 3571 968 3605 zu
986 3558 1086 3609 setzeot
1111 3569 1170 3605 cum

99 3632 214 3682 barbaro
225 3631 290 3681 solo.
304 3659 336 3667 —
350 3644 479 3694 superare
489 3628 544 3679 hier
553 3631 590 3679 ‘es
599 3625 749 3678 Jemandem
767 3622 926 3686 zuvorthun’,
939 3622 991 3674 ‘ihu
1006 3622 1171 3675 dberbieten’.

168 3702 192 3750 4.
211 3700 267 3749 Hac
285 3703 371 3748 mente
388 3696 421 3746 ‘io
440 3694 535 3747 diesem
545 3693 698 3756 Gedanheu',
717 3695 754 3744 ‘so
773 3690 1037 3754 denkeod’.-opud
1050 3691 1172 3742 Cnidum.
1201 3750 1203 3756 γ

99 3769 149 3820 394
168 3784 193 3819 r.
212 3766 256 3818 Ch.
276 3795 304 3804 -
324 3766 371 3815 aab
399 3763 671 3814 Lacedaemoniorum
694 3760 787 3822 fuerat
813 3762 925 3827 imperto
948 3759 998 3810 seit
1021 3758 1079 3810 dem
1104 3758 1172 3809 Ende

99 3835 144 3888 des
163 3833 412 3902 Peloponnesischeu
431 3831 543 3897 haeges.
