2580 4372
406 173 408 178 ’
455 189 763 244 xxv.AT'1lGUs.1a.
1088 189 1147 250 173
1254 198 1264 265 j

68 360 191 436 gratiam
207 363 328 436 redisse,
344 382 506 442 numquam
522 383 589 424 cum
604 382 706 424 sorore
720 363 811 423 tuisse
826 364 858 423 in
874 363 1037 436 simultate,
1053 382 1141 441 qnam

66 464 162 524 prope
178 447 327 525 aequalem
339 448 474 511 habebat.
519 449 604 519 Quod
619 458 664 509 est
678 449 796 526 signum
812 456 863 508 aut
877 449 987 509 nullam
1003 467 1143 527 umquam
1158 459 1173 510 2

66 530 145 591 inter
167 551 217 592 eos
240 534 454 610 querimoniam
476 534 680 594 intercessisse
702 541 752 594 aut
766 534 847 593 hunc
862 552 897 594 ea
911 534 1002 594 fuisse
1017 534 1048 594 in
1070 553 1141 594 suos
1222 596 1226 603 ,

65 615 266 694 indulgentia,
290 627 338 692 ut,
362 638 438 697 quos
461 637 557 679 amare
580 618 715 694 deberet,
738 619 824 677 irasci
847 619 889 678 eis
906 620 987 679 nefas
1010 620 1141 679 duceret.

65 700 170 778 Neque
185 702 214 762 id
229 703 299 763 fecit
314 713 418 766 natura
430 705 541 777 solum,
558 721 735 782 quamquam
751 722 854 763 omnes
870 703 896 763 ei
913 721 1066 782 paremus,
1090 704 1143 763 sed
1165 714 1180 763 3
1255 722 1259 729 ’

67 785 155 846 etiam
178 788 321 848 doctrina.
366 789 438 849 Nam
461 789 631 867 principum
660 787 907 867 philosophorum
935 788 975 848 ita
1004 797 1144 866 percepta

68 871 172 932 babuit
194 883 368 951 praecepta,
392 874 485 934 uthis
500 874 536 934 ad
552 874 638 934 vitam
660 873 818 952 agendam,
843 891 904 933 non
920 873 955 933 ad
971 874 1143 933 ostentatio-

66 975 137 1016 nem
152 965 295 1017 uteretur.

152 1042 243 1102 Moris
265 1042 351 1102 etiam
374 1042 517 1103 maiorum
534 1061 667 1102 summus
683 1043 811 1102 imitator
826 1044 881 1103 suit
903 1043 1144 1120 antiquitatisque
1156 1042 1194 1105 18

67 1133 194 1200 amat0r3
217 1146 306 1204 quam
321 1128 393 1188 adeo
409 1126 567 1204 diligenter
581 1127 684 1187 babuit
699 1127 863 1204 cognitam,
880 1136 913 1187 ut
928 1147 991 1187 eam
1007 1136 1098 1189 totam
1114 1128 1144 1187 in

67 1229 105 1270 eo
119 1210 267 1273 volumine
283 1213 467 1290 exposuerit,
490 1231 550 1290 quo
565 1212 753 1290 magistratus
768 1211 921 1273 ordinavit.
965 1213 1051 1273 Nulla
1067 1214 1146 1272 enim
1168 1223 1183 1273 2

66 1295 116 1354 lex
138 1313 236 1373 neque
258 1316 313 1375 pax
336 1316 433 1374 neque
454 1297 564 1357 bellum
588 1316 685 1375 neque
707 1316 755 1356 res
770 1296 893 1357 illustris
909 1306 952 1358 est
966 1298 1071 1377 populi
1085 1298 1145 1357 Ro-

68 1380 166 1454 mani,
183 1399 258 1458 quae
274 1400 335 1441 non
351 1383 381 1442 in
399 1401 433 1443 eo
449 1401 503 1441 suo
520 1391 654 1460 tempore
669 1382 707 1441 sit
722 1389 837 1456 notata,
850 1389 894 1456 et,
911 1383 990 1460 quod
1006 1382 1145 1442 difficilli-

65 1483 150 1525 mum
166 1466 236 1540 fuit,
254 1467 296 1526 sic
312 1467 488 1527 familiarum
504 1467 651 1544 originem
666 1466 831 1541 subtexuit,
848 1474 881 1526 ut
896 1487 931 1527 ex
947 1486 981 1528 eo
997 1467 1145 1528 clarorum

66 1549 197 1609 virorum
221 1552 401 1629 propagines
423 1553 572 1631 possimus
596 1569 786 1629 cognoscere.
830 1552 912 1612 Fecit
933 1553 991 1612 hoc
1005 1552 1085 1612 idem
1099 1563 1176 1614 se-3

67 1635 193 1713 paratim
205 1635 235 1694 in
248 1635 312 1695 aliis
324 1636 422 1710 libris,
442 1646 475 1697 ut
486 1637 525 1696 Μ.
537 1637 621 1697 Bruti
633 1644 736 1714 rogatu
749 1636 864 1696 Iuniam
876 1636 1016 1696 familiam
1027 1655 1043 1695 a
1054 1638 1146 1715 stirpe

67 1718 106 1780 ad
118 1719 195 1779 hanc
210 1729 334 1782 aetatem
349 1722 452 1781 ordine
468 1721 697 1796 enumeraverit,
720 1729 841 1793 notans,
865 1722 917 1798 qni
932 1742 948 1782 a
963 1739 1081 1812 quoque
1098 1741 1146 1782 or-

66 1815 117 1864 tus
147 1823 222 1882 quos
250 1806 381 1866 bonores
403 1807 571 1884 quibusque
593 1807 777 1884 temporibus
800 1806 944 1884 cepisset;
972 1807 1036 1884 pari
1058 1807 1178 1869 modat
1265 1844 1271 1851 -

139 1969 237 2005 sorore.
273 1954 298 2006 S.
319 1970 339 2005 1.
359 1960 384 2019 5,
402 1958 426 2007 3.
445 1985 479 1993 —
496 1956 618 2006 simultas
636 1954 731 2007 ι61111.

140 2025 164 2073 2.
184 2022 298 2086 deberet,
315 2023 353 2074 als
370 2022 478 2074 Ansicbt
496 2024 541 2076 des
558 2023 667 2076 Atticus.
686 2052 719 2062 —
738 2028 775 2075 eis
792 2025 871 2076 nimm
889 2038 935 2075 vor
959 2039 1024 2088 qaas
1046 2023 1147 2075 beraut.

68 2119 105 2130 —
123 2090 201 2151 nefas
218 2089 329 2141 ‘Sinde’.
365 2091 389 2143 S.
409 2107 440 2142 zu
458 2108 497 2158 pr.
516 2096 540 2144 4.
956 2107 957 2110 ’
1256 2132 1265 2145 .

141 2161 165 2210 3.
182 2163 283 2209 natura
300 2161 355 2210 ‘aus
372 2158 505 2225 Naturali,
522 2161 694 2226 angebornem
710 2158 859 2217 Charakter;
880 2160 1003 2211 doctrina
1022 2161 1056 2211 ‘in
1070 2160 1149 2225 Folge
1256 2216 1262 2229 ἱ

70 2224 334 2283 wissenschaitlicbar
350 2225 479 2293 Bildung'.

141 2297 279 2360 principes
295 2295 451 2360 philosophi
468 2295 518 2347 ‘die
536 2298 619 2347 ersten
638 2295 672 2359 (d.
692 2296 709 2345 i.
726 2293 939 2355 bedentendstent
956 2293 1148 2360 Philosophen'.

71 2362 354 2428 --111111111111111ι
373 2393 407 2400 -
425 2364 461 2414 ad
479 2366 561 2414 uitam
580 2363 713 2428 agendam
731 2366 795 2413 ‘zum
814 2361 979 2428 praktisehen
997 2363 1098 2413 Lebcn'.

145 2424 192 2485 18.
213 2435 235 2482 1.
253 2434 374 2482 imitator
391 2431 869 2496 ‘Nacheilerer'.-tiatuitcognitam
887 2431 924 2481 ‘er
940 2431 997 2481 eine
1014 2430 1151 2483 Kennlniss

74 2499 179 2550 laesass'.

143 2570 322 2631 magistratus
349 2567 488 2617 ordinavit
513 2567 563 2618 ‘dle
585 2567 753 2633 Reilrcniolge
780 2565 824 2616 der
847 2565 970 2617 Beamten
995 2565 1151 2632 festgestellt

74 2636 137 2686 bat’.
172 2634 206 2686 Es
224 2649 310 2685 waren
328 2635 370 2685 bei
382 2635 469 2699 jedem
487 2635 549 2687 11111
567 2635 608 2686 die
625 2635 742 2700 (hibern)
760 2634 882 2685 Reamten
900 2634 1069 2686 verzeicbuet.
1094 2633 1153 2686 Dies

73 2705 110 2754 ist
128 2703 172 2754 der
189 2702 270 2754 Hann.
293 2705 337 2768 13,
367 2707 378 2754 1
408 2703 537 2755 erwiihnte
562 2705 683 2768 naualis,
707 2702 915 2768 herausgegeben
939 2705 970 2753 41
995 2719 1020 2756 v.
1040 2702 1098 2753 Cb:
1126 2718 1153 2754 er

74 2771 198 2822 umiasste
216 2771 257 2822 die
269 2769 401 2823 rdmiscbe
420 2771 571 2824 Gcscbicbte
588 2772 627 2823 bis
646 2775 679 2825 54
696 2788 721 2823 x.
741 2770 785 2822 Ch.

146 2841 171 2889 2.
190 2840 329 2889 saitematt
345 2842 381 2891 ‘er
399 2840 443 2891 bat
460 2841 624 2907 angebingt',
642 2838 866 2906 ‘angescblossen'.
891 2867 925 2876 -
949 2838 1087 2889 clarorum
1114 2842 1152 2888 ai-

80 2921 175 2957 roram
194 2906 244 2957 wie
261 2907 337 2959 Pans.
357 2911 381 2972 3,
399 2913 423 2959 7.
441 2937 474 2946 -
492 2911 658 2974 propagines
674 2908 724 2959 ‘die
734 2907 942 2970 Stammbiinme',
960 2907 1001 2958 ein
1019 2908 1045 2957 in
1063 2907 1155 2959 alteror

78 2977 159 3027 Prosa
177 2975 289 3026 seltenes
301 2975 382 3027 Wart.
693 2970 699 2981 ⁸

148 3045 171 3094 3.
198 3045 248 3093 liae
276 3044 354 3094 idam.
392 3043 483 3095 Hicrzu
509 3044 544 3094 ist
570 3058 616 3095 aus
640 3042 698 3094 dem
715 3040 961 3108 Vorbergebenden‚
987 3041 1074 3093 indem
1092 3047 1155 3094 statt

77 3113 218 3163 subtexuit
234 3112 275 3162 ein
292 3111 456 3178 allgemeines
474 3111 548 3163 Wort
566 3111 726 3164 substituiert
745 3110 823 3174 wird,
847 3125 879 3160 zu
897 3108 997 3160 denken
1022 3116 1054 3160 at
1075 3110 1154 3171 farai-

80 3183 180 3231 liaram
198 3183 332 3244 originem
350 3186 503 3246 exponeret.

149 3252 180 3297 at
199 3257 238 3299 ‘so
256 3241 332 3299 dass’.
370 3248 564 3301 Gewibnlicher
588 3251 656 3299 wire
680 3252 712 3298 at
733 3247 780 3297 mit
803 3245 861 3296 dem
887 3245 1010 3297 ludicativ
1029 3245 1105 3298 ‘wie'.
1122 3275 1157 3287 -

80 3318 189 3367 lamiam
206 3317 349 3378 familiam.
374 3317 410 3368 Za
428 3317 467 3368 ihr
485 3316 591 3384 gehdrle
600 3316 703 3380 Brutus,
720 3316 767 3366 mit
783 3315 878 3366 vollem
888 3314 986 3365 Namen
1005 3318 1043 3366 M.
1061 3315 1176 3365 lanias·

80 3383 192 3435 Brutus.
212 3413 243 3421 —
264 3387 312 3449 qui
328 3385 379 3436 wie
398 3384 486 3437 Tbem.
505 3387 530 3449 8,
548 3388 571 3437 6.
590 3412 624 3423 --
642 3401 658 3436 1
677 3399 781 3449 qaoque
798 3382 851 3433 und
870 3384 1016 3447 qaitmqae
1038 3383 1077 3434 idr
1096 3389 1122 3433 et
1139 3400 1156 3434 a
1251 3398 1254 3403 ·

80 3469 134 3519 qao
152 3453 205 3502 und
230 3458 256 3502 et
272 3454 376 3517 quibas.
412 3454 447 3505 lm
465 3453 609 3506 Deutscben
627 3452 696 3504 bitte
714 3452 779 3503 zwei
797 3449 879 3503 Sitze.

150 3525 175 3572 4.
193 3520 307 3585 Erginze
322 3525 388 3586 pari
405 3523 483 3573 mado
501 3521 551 3572 hoc
568 3521 636 3574 idem
653 3521 713 3572 lecit
730 3520 855 3571 Marcelli
878 3517 987 3570 Claudii
1009 3523 1101 3585 rogatu
1126 3519 1158 3569 de
1265 3562 1269 3569 .

81 3588 178 3639 familia
196 3588 402 3655 Marcellorum,
430 3590 566 3656 Scipionis
591 3590 709 3642 Cornelii
733 3595 759 3640 et
779 3588 859 3638 Fabii
882 3587 1000 3639 Mamimi
1017 3591 1108 3654 rogatu
1127 3587 1159 3638 de

81 3656 178 3708 fannlia
197 3658 341 3708 Fabiorum
359 3664 386 3709 at
401 3660 585 3710 Aemiliorum.
621 3658 775 3710 Uebersetze
798 3657 853 3707 ‘aui
874 3655 919 3708 des
942 3654 1018 3706 Marc.
1043 3655 1079 3706 ct.
1097 3657 1160 3707 tiber

82 3726 125 3776 die
152 3723 196 3776 der
212 3724 261 3790 m,
287 3725 481 3780 1111810111.
509 3726 561 3778 und
584 3727 644 3777 Fab.
662 3726 695 3778 111,
713 3727 776 3778 iiber
794 3726 835 3776 die
857 3724 901 3777 der
925 3724 985 3776 Fab.
1004 3725 1057 3774 und
1079 3723 1159 3775 Aeni!

82 3793 134 3844 Das
152 3792 312 3847 Lateiniscbe
330 3797 364 3847 ist
383 3796 477 3848 ebenso
504 3795 561 3845 hart
587 3796 638 3847 wie
663 3794 747 3846 dieses
764 3793 900 3845 Deutscbe.
937 3792 1020 3843 [leber
1042 3791 1087 3844 das
1113 3808 1160 3844 vor
1204 3803 1208 3810 “
1253 3856 1257 3863 ,

83 3861 231 3911 Fabiorum
250 3868 275 3913 et
291 3865 470 3916 Amnilioram
488 3863 606 3916 feblende
625 3864 657 3914 da
674 3880 707 3915 zu
724 3862 780 3915 Alc.
799 3865 824 3927 2,
842 3865 857 3914 2
877 3861 996 3913 Socrate.
