2580 4372
446 151 448 156 ’
525 174 543 227 1.
565 173 744 226 1111111111.
763 176 786 227 3.
1147 170 1183 232 13

205 347 323 409 Eisdem
344 346 526 426 temporibus
541 346 696 407 Persarum
711 365 761 408 rex
776 346 882 407 llarius
897 365 931 408 ex
954 348 1021 409 Asia
1044 347 1073 407 in
1089 347 1185 407 Euro·
1199 347 1217 408 3

121 453 189 514 pam
204 433 333 494 exercitu
354 432 475 492 traiecto
498 430 613 511 Scythis
634 430 743 493 heMum
759 431 869 493 inferre
890 432 1026 493 decrevit.
1062 430 1185 493 Pontem

121 520 192 580 fecit
206 519 237 578 in
252 517 352 578 Histro
367 516 497 590 flumine,
513 535 569 595 qua
585 517 684 596 copias
699 516 874 578 traduceret.
905 517 976 578 Eius
991 518 1100 596 pontis,
1116 517 1185 578 dum

121 605 186 683 ipse
201 602 324 677 abesset,
340 601 476 662 custodes
490 601 610 680 reliquit
624 601 784 680 principes,
800 621 875 681 quos
891 620 991 663 secum
1013 621 1047 662 ex
1062 603 1144 663 lonia
1158 609 1187 663 et

31 730 34 736 »
123 688 243 750 Aeolide
259 686 391 760 duxerat;
409 686 517 765 quibus
531 687 656 764 singulis
672 705 791 748 suarum
808 687 925 747 urbium
941 695 1087 767 perpetua
1098 687 1186 748 dede·

122 781 168 834 rat
182 773 312 851 imperia.
343 771 392 832 Sic
408 770 486 832 enim
500 772 636 832 facillime
650 772 762 850 putavit
776 791 807 833 se
819 772 928 833 Graeca
948 772 1049 850 lingua
1062 773 1188 850 loquen·
1202 773 1217 822 2

123 866 178 933 tes,
195 856 246 937 qui
261 856 359 916 Asiam
373 855 547 930 incolerent,
563 857 618 917 sub
634 876 686 918 sua
701 865 886 919 retenturum
901 867 1053 936 potestate,
1077 858 1101 918 si
1116 857 1187 918 ami·
1254 932 1263 943 .

125 945 167 1004 cis
182 942 244 1004 suis
259 941 365 1021 oppida
380 941 488 1001 tuenda
502 941 675 1013 tradidisset,
692 942 799 1020 quihus
814 961 845 1003 se
861 961 1004 1021 oppresso
1026 942 1106 1004 nulla
1120 960 1188 1021 spes

124 1028 227 1089 salutis
242 1026 468 1104 relinqueretur.
498 1026 532 1087 ln
548 1026 606 1086 hoc
620 1026 676 1087 luit
689 1038 752 1088 tum
768 1046 891 1089 numero
907 1028 1060 1104 Miltiades,
1077 1028 1125 1089 cui
1140 1027 1188 1086 illa

124 1112 256 1173 custodia
272 1111 449 1172 crederetur.
479 1111 534 1171 llic
549 1130 616 1172 cum
632 1112 727 1172 crebri
750 1113 887 1175 afferrent
902 1114 1009 1186 nuntii,
1030 1113 1105 1174 male
1127 1129 1188 1172 rem
1203 1123 1218 1174 3

124 1215 226 1276 gerere
241 1196 361 1257 Darium
375 1196 529 1275 premique
543 1215 559 1256 a
574 1196 699 1275 Scythis,
714 1197 857 1259 Miltiades
877 1198 1010 1259 hortatus
1032 1208 1076 1259 est
1089 1197 1189 1276 pontis

124 1282 278 1355 custodes,
301 1299 339 1341 ne
361 1299 377 1339 a
399 1281 516 1342 fortuna
538 1281 633 1342 datam
656 1282 841 1344 occasionem
861 1283 1028 1345 liberandae
1052 1282 1189 1343 Graeciae

123 1368 312 1429 dimitterent.
341 1365 413 1425 Nam
428 1366 453 1425 si
476 1385 542 1426 cum
565 1367 611 1427 his
633 1368 736 1446 copiis,
752 1386 824 1446 quas
846 1387 946 1430 secum
969 1370 1219 1447 transportarent

124 1451 283 1513 interiisset
298 1449 413 1524 llarius,
424 1470 485 1511 non
500 1451 596 1512 solum
610 1453 760 1532 Europam
774 1455 838 1514 lore
849 1462 951 1525 tutam,
964 1454 1016 1514 sed
1032 1453 1116 1514 etiam
1129 1470 1189 1523 eos,

124 1537 175 1617 qui
191 1536 288 1596 Asiam
303 1535 467 1596 incolerent
482 1536 585 1597 Graeci
600 1556 718 1615 genere,
734 1539 844 1599 liberos
859 1558 875 1598 a
897 1539 1053 1599 Persarum
1074 1539 1191 1597 futuros

125 1620 323 1682 dominatione
346 1628 374 1681 et
397 1621 544 1698 periculo;
567 1630 596 1682 et
610 1622 694 1682 facile
717 1623 792 1684 effici
814 1641 911 1703 posse.
941 1622 1035 1684 Ponte
1050 1622 1129 1683 enhn
1142 1639 1190 1681 re-

125 1707 217 1768 scisso
240 1723 339 1784 regem
354 1706 398 1765 161
420 1706 550 1767 hostium
572 1708 649 1767 ferro
664 1707 708 1768 vel
731 1708 830 1787 inopia
851 1708 954 1787 paucis
969 1707 1073 1768 diebus
1087 1705 1191 1767 interi-

124 1800 234 1852 turum.
271 1790 314 1850 Ad
336 1791 392 1850 hoc
415 1791 570 1851 consilium
594 1811 660 1853 cum
684 1793 818 1872 plerique
840 1793 1022 1868 accederent,
1044 1790 1220 1852 Histiaeus5

123 1875 265 1950 Milesius,
282 1894 319 1935 ne
333 1893 381 1934 res
396 1877 600 1952 conficeretur,
614 1876 735 1953 obstitit,
746 1878 861 1939 dicens:
879 1897 938 1938 non
955 1878 1031 1938 idem
1043 1878 1124 1956 ipsis,
1141 1875 1191 1955 qui

124 1979 254 2022 summas
276 1958 393 2038 imperii
415 1969 561 2036 tenerent,
588 1963 725 2042 expedire
748 1972 776 2023 et
797 1962 989 2039 multitudini,
1011 1963 1091 2041 quod
1112 1961 1191 2022 Darii

125 2064 217 2124 regno
228 2045 362 2124 ipsorum
373 2045 517 2107 niteretur
526 2047 702 2121 dominatio;
718 2066 777 2126 quo
793 2048 936 2110 exstincto
952 2049 1033 2127 ipsos
1048 2056 1191 2127 potestate

126 2131 266 2209 expulsos
282 2129 393 2190 civibus
410 2131 471 2192 suis
487 2150 597 2210 poenas
614 2132 743 2193 daturos.
773 2134 876 2212 ltaque
898 2133 970 2195 adeo
986 2152 1017 2194 se
1033 2134 1192 2194 abhorrere

125 2235 141 2276 a
157 2211 322 2276 ceterorum
338 2216 471 2290 consilio,
487 2224 520 2277 ut
534 2217 608 2277 nihil
622 2225 707 2296 putet
721 2219 793 2297 ipsis
808 2218 909 2279 utilius
924 2237 1009 2297 quam
1026 2218 1193 2278 confirmari

126 2317 250 2377 regnum
265 2299 430 2360 Persarum.
461 2301 555 2362 Huius
571 2321 639 2362 cum
654 2304 827 2364 sententiam
843 2304 962 2382 plurimi
977 2310 1076 2363 essent
1090 2302 1192 2376 secuti,
1208 2312 1223 2363 6

126 2384 279 2459 Miltiades,
302 2403 364 2445 non
380 2386 516 2447 dubitans
530 2394 589 2446 tam
611 2387 710 2448 multis
726 2388 853 2448 consciis
876 2389 910 2449 ad
926 2389 1004 2466 regis
1019 2406 1104 2447 aures
1121 2406 1192 2447 con-

195 2545 222 2606 3.
245 2550 437 2602 15131611.
459 2583 487 2589 -
508 2553 618 2604 Darios.
654 2553 678 2605 S.
698 2553 728 2605 de
747 2569 799 2619 reg.
820 2558 843 2617 1,
861 2557 885 2606 2.
903 2583 936 2591 -
954 2570 1007 2620 qao
1029 2554 1063 2605 ist
1080 2553 1126 2605 das
1144 2554 1194 2605 Ad-

126 2619 204 2670 verb:
223 2621 274 2668 ‘um
292 2618 337 2668 aus
352 2618 446 2671 diesem
465 2621 562 2686 Wege',
579 2621 652 2672 ‘dort'
671 2621 742 2683 (tiber
760 2621 800 2673 die
818 2623 901 2674 Breite
914 2622 958 2674 des
976 2622 1078 2673 Flusses
1098 2621 1160 2682 hin).

194 2687 311 2751 singulis
327 2686 419 2749 ‘J'edem
438 2687 476 2738 ihr
494 2688 569 2739 sich':
584 2688 658 2753 jeder
675 2689 759 2741 sdhrte
776 2691 802 2740 in
825 2691 920 2741 seinem
939 2690 1042 2742 Gehiete
1061 2691 1136 2742 allein
1154 2691 1194 2743 die

127 2755 279 2822 Regierung.
297 2781 331 2791 -
349 2753 459 2804 tuarum
477 2756 568 2821 ‘ihrer’,
587 2757 611 2810 d.
630 2757 655 2808 h.
675 2773 720 2809 aus
738 2757 853 2809 welchen
871 2759 908 2810 sie
926 2774 1018 2810 waren.

195 2825 218 2874 2.
239 2823 585 2887 quitus—relinqueretur.
614 2826 727 2889 Warum,
745 2827 812 2892 zeigt
831 2827 847 2891 ξ
866 2831 888 2880 5.
907 2856 939 2864 -
959 2829 1118 2879 crederetur.
1147 2827 1196 2878 Der

127 2890 279 2955 Goujuuctiv
305 2889 373 2941 steht
396 2891 422 2941 in
447 2891 512 2942 allen
536 2893 737 2957 Relativsdtzen,
764 2894 863 2946 welche
888 2894 929 2945 die
951 2895 1029 2962 Folge
1054 2895 1123 2946 einer
1149 2896 1196 2947 Be-

127 2957 294 3011 schaffenheit
311 2959 435 3023 angeben.
460 2958 494 3010 So
510 2960 544 3011 ist
561 2960 615 3013 hier
631 2961 804 3014 derGedanke
820 2963 854 3013 ‘in
873 2963 955 3014 dieser
972 2979 1000 3014 so
1018 2962 1195 3014 heschalleuen

128 3027 199 3091 Zahl,
217 3024 275 3077 dass
293 3025 347 3076 ihr’.
383 3026 475 3093 Zumpt
493 3027 509 3093 ξ
528 3031 587 3092 558,
603 3028 706 3096 Madvig
723 3032 738 3093 ᾖ
757 3033 815 3083 361.

197 3097 220 3146 3.
239 3094 309 3143 male
327 3094 558 3160 ‘ungldclrlich’.-
567 3100 590 3149 4.
601 3113 666 3162 quos
678 3113 766 3148 cacum
777 3103 983 3163 transportaret.
1010 3098 1059 3149 Der
1068 3097 1197 3163 ludicativ,

130 3162 189 3214 weil
209 3161 262 3213 dies
281 3161 350 3212 nieht
368 3178 413 3213 zur
430 3162 500 3214 Rede
518 3163 634 3216 desMilt.
653 3165 751 3232 gehdrt,
762 3165 869 3217 sondem
888 3166 980 3217 Zusatz
999 3166 1043 3217 des
1053 3166 1138 3231 Nepos
1157 3167 1198 3217 ist.

198 3230 335 3294 Europam
352 3229 412 3290 fore
430 3236 522 3295 tutam,
540 3247 593 3283 was
611 3233 651 3283 siu
672 3232 712 3285 die
729 3232 841 3285 Zukunst
864 3233 942 3285 durch
964 3234 1005 3285 die
1022 3234 1197 3300 Eroherungs-

129 3297 205 3350 sucht
222 3297 272 3348 und
290 3296 375 3348 Macht
393 3297 436 3349 der
453 3299 543 3351 Perser
558 3300 665 3352 hedroht
681 3316 742 3352 war.

198 3382 214 3416 a
232 3365 374 3415 Persarum
384 3352 564 3419 domidattcae
582 3375 608 3420 et
622 3369 744 3435 periculo
764 3373 822 3421 ‘von
842 3368 1037 3420 derHerrschalt
1055 3368 1099 3420 der
1108 3368 1197 3421 Perser

129 3432 181 3485 und
200 3433 244 3485 der
262 3432 353 3484 Gelahr
370 3450 416 3485 vor
433 3435 525 3486 ihnen'.
544 3465 577 3474 -
596 3443 622 3487 et
637 3437 718 3498 facile
737 3438 811 3500 efflei
827 3453 909 3504 posce,
929 3440 956 3486 ut
980 3453 1036 3488 cum
1054 3439 1135 3504 copiis
1158 3439 1196 3489 in·

129 3502 217 3554 teriret
234 3500 329 3552 Darios.

201 3574 223 3622 5.
240 3570 370 3634 pleraque,
387 3570 422 3620 im
440 3569 580 3636 Gegensatz
599 3589 630 3624 zu
643 3574 762 3642 plorimi
778 3572 804 3638 (ξ
825 3574 858 3636 d),
877 3572 927 3623 wie
944 3588 981 3639 pr.
1006 3577 1026 3624 1.
1046 3603 1079 3610 -
1097 3574 1199 3622 abstitit

131 3637 200 3755 lianq
219 3636 319 3755 spwohl
337 3653 388 3689 von
406 3638 531 3690 absistere
548 3642 585 3692 als
603 3656 654 3692 von
673 3642 776 3692 obstare
801 3639 938 3706 ahgeleitet
957 3641 1066 3694 werden.
1085 3657 1195 3705 -quo,

131 3721 208 3756 nam.
247 3720 307 3756 ano.

203 3776 227 3824 6.
244 3789 298 3823 aaa
326 3773 458 3826 dubitans.
493 3774 518 3826 S.
537 3792 568 3826 zu
587 3793 623 3843 pr.
645 3780 665 3827 1.
685 3806 717 3814 -
737 3781 789 3825 tam
815 3776 906 3826 maltis
935 3780 1061 3840 consciis,
1088 3776 1197 3829 Ablativi

132 3840 251 3892 absoluti.
287 3840 332 3891 Die
349 3841 486 3893 Rheklrehr
504 3842 548 3894 des
565 3844 628 3896 Milt.
646 3844 701 3895 faillt
719 3844 836 3895 indessen
855 3847 947 3909 spdtcr,
966 3848 1015 3898 493
1035 3861 1060 3896 ν.
1080 3844 1122 3896 Ch.
