2580 4372
440 165 514 217 llllll.
532 164 695 220 barritus.
714 170 738 219 7.
757 170 781 219 8.
1106 164 1155 226 85·

74 336 211 401 celeriter
225 344 296 400 sunt
310 338 431 400 concisi.
461 338 603 419 Reliquos
623 339 736 401 Pisidas
758 339 924 401 resistentis
944 341 1080 403 Datames
1101 341 1175 404 in-t

72 423 166 497 vadit;
181 422 278 502 primo
289 423 403 503 impetu
415 423 508 503 pellit,
519 425 660 505 fugientis
670 426 870 504 persequitur,
876 427 987 487 multos
998 427 1146 502 interficit,

74 516 170 572 castra
193 509 323 570 bostium
347 509 441 588 capit..
471 509 534 572 'l'ali
556 510 680 573 consilio
703 531 763 572 uno
780 519 915 590 tempore
936 521 965 572 et
979 513 1176 592 proditoress

50 662 53 667 ,
74 594 204 676 perculit
218 602 247 654 et
262 594 356 655 bostis
371 595 536 673 profligavit
551 604 588 671 et,
604 596 684 676 quod
706 596 742 657 ad
763 595 925 675 perniciem
947 616 1030 659 suam
1051 598 1148 658 luerat

74 680 253 758 cogitatum,
277 679 363 740 idad
386 680 511 742 salutem
535 681 688 743 convertit.
726 682 791 752 Quo
808 700 906 761 neque
921 684 1036 744 acutius
1057 682 1148 745 ullius

74 765 262 846 imperatoris
277 765 438 845 cogitatum
453 786 551 846 neque
566 768 692 829 celerius
705 768 815 829 lactum
830 787 955 846 usquam
969 768 1105 846 legimus.

161 851 205 911 Ab
226 852 285 911 hcc
306 858 404 912 tamen
424 852 487 913 viro
503 853 633 933 Sysinas,
655 853 780 913 maximo
797 861 867 914 natu
882 853 970 928 filius,
993 853 1096 914 desciit
1111 853 1180 914 ad7

76 954 236 1015 regemque
252 935 370 997 transiit
391 945 421 998 et
442 938 478 998 de
500 933 664 1000 delectione
686 938 778 1017 patris
802 937 916 1000 detulit.
953 939 1018 1009 Quo
1041 938 1147 999 nuntio

77 1023 251 1084 Artaxerxes
266 1031 448 1097 commotus,
471 1024 552 1103 quod
574 1022 764 1101 intellegebat
785 1024 840 1084 sibi
856 1042 924 1085 cum
945 1024 1006 1084 viro
1029 1023 1100 1084 forti
1115 1042 1149 1084 ac

77 1113 199 1170 strenuo
222 1107 375 1187 negotium
391 1127 473 1184 esse,
496 1109 563 1188 qui,
586 1128 653 1170 cum
669 1109 841 1187 cogitasset,
864 1111 961 1170 lacere
984 1109 1105 1170 auderet
1121 1117 1149 1169 et

75 1193 161 1274 prius
175 1192 305 1271 cogitare
320 1212 407 1272 quarn
422 1195 523 1255 conari
538 1203 719 1267 consuesset,
732 1195 982 1274 Autophrodatem
993 1195 1024 1255 in
1036 1194 1149 1274 Cappa·

77 1278 192 1340 dociam
211 1278 310 1340 mittit.
346 1278 402 1340 llic
424 1298 462 1341 ne
483 1280 593 1342 intrare
613 1288 729 1360 posset,
752 1281 875 1356 saltum,
896 1279 928 1340 in
951 1299 1009 1360 quo
1032 1279 1179 1340 Ciliciaer

76 1371 181 1444 portae
191 1372 262 1425 sunt
275 1364 358 1439 sitae,
372 1364 507 1426 Datames
522 1384 741 1445 praeoccupare
756 1366 877 1428 studuit.
907 1365 966 1426 Sed
981 1373 1040 1425 tam
1051 1363 1149 1426 subito
1164 1368 1179 1419 3

77 1449 179 1529 copias
194 1449 368 1510 contrahere
384 1468 445 1511 non
460 1451 567 1530 potuit.
597 1455 621 1512 Α
637 1470 742 1531 quare
757 1450 899 1530 depulsus
916 1469 983 1511 curn
999 1470 1032 1511 ea
1047 1469 1148 1524 manu,

77 1553 167 1614 quam
183 1542 378 1609 contraxerat,
393 1535 491 1596 locum
513 1536 615 1616 deligit
629 1546 737 1612 tamen,
759 1544 792 1597 ut
807 1555 905 1616 neque
921 1536 1099 1597 circuiretur
1113 1535 1149 1595 ab

77 1619 213 1681 hostibus
234 1638 332 1698 neque
354 1622 527 1699 praeteriret
550 1623 748 1696 adversarius,
778 1622 851 1700 quin
874 1621 1054 1699 ancipitibus
1076 1619 1149 1683 locis

76 1712 272 1787 premeretur,
289 1714 328 1781 et,
344 1707 368 1766 si
384 1706 523 1767 dimicare
538 1726 573 1768 eo
588 1705 684 1783 vellet,
706 1726 767 1768 non
789 1707 915 1768 multum
931 1704 1035 1767 obesse
1048 1704 1150 1765 multi-

76 1791 149 1852 tudo
173 1789 305 1852 hostium
326 1809 396 1852 suae
417 1792 556 1871 paucitati
579 1802 687 1872 posset.
731 1790 810 1853 Haec
836 1792 891 1852 etsi
913 1785 1181 1871 Autophradatesil
1260 1802 1263 1807 ·

76 1876 202 1952 videbat,
217 1887 316 1938 tamen
332 1877 432 1938 statuit
447 1877 587 1956 congredi
603 1897 690 1957 quarn
706 1896 773 1939 cum
787 1876 877 1938 tantis
898 1876 991 1955 copiis
1013 1877 1149 1954 refugere

77 1969 129 2023 aut
142 1970 202 2023 tam
217 1962 268 2023 diu
283 1981 345 2023 uno
365 1962 431 2022 lo'co
453 1963 564 2024 sedere.
594 1962 725 2025 Habebat
739 1963 932 2023 harbarorum
949 1963 1081 2040 equitum
1102 1980 1149 2036 xx,
1164 1968 1180 2018 2

40 2175 43 2182 ’
76 2145 783 2282 {trutbertttttttritt,ttttttltttdtl
800 2145 1153 2276 llttttl‘tltttt:

75 2283 136 2336 dass
154 2283 220 2334 auch
237 2281 307 2333 diese
324 2283 362 2335 sie
378 2282 591 2335 niedernracbten.

146 2355 170 2403 t.
190 2349 314 2416 Reliquos
332 2351 451 2401 Pisidas:
470 2351 536 2403 denu
554 2351 619 2403 auch
637 2366 687 2402 von
707 2351 794 2402 diesen
811 2365 866 2401 war
884 2350 923 2401 ein
935 2348 1008 2400 Tlreil
1016 2348 1051 2399 im
1060 2347 1155 2414 Kampf

74 2419 123 2472 mit
140 2419 190 2471 den
207 2418 388 2470 Ueberliulern
406 2418 524 2485 gelallen.

146 2491 170 2541 8.
192 2485 254 2538 Tali
269 2487 320 2538 wie
337 2486 425 2539 Tbem.
445 2490 469 2550 2,
488 2490 512 2540 8.
530 2516 563 2525 -
580 2486 698 2554 perculit
714 2486 774 2536 ‘tras
788 2500 816 2536 er
833 2482 1015 2536 vernichtend'.
1041 2481 1101 2549 Vgl.
1119 2498 1152 2534 zu

75 2555 141 2609 Dion
159 2560 185 2620 5,
203 2558 227 2608 3.
244 2583 279 2593 -—
295 2571 373 2606 suam
392 2555 441 2606 wie
458 2554 520 2608 Milt.
541 2560 564 2619 l,
585 2559 606 2608 l.

145 2624 239 2686 suerat
255 2627 403 2688 cogitatum
420 2623 615 2690 ‘beabslchtigt',
631 2621 781 2674 ‘entworlen
804 2620 874 2670 war’.
891 2647 924 2657 -
949 2621 1055 2670 acutius
1078 2620 1152 2682 eogi-

77 2699 165 2745 tatum
182 2691 266 2743 ‘einen
284 2691 512 2759 scharlsinnigeren
523 2691 678 2744 Gedanken'.
701 2690 814 2741 Acutius
832 2687 884 2739 und
897 2687 1008 2738 celerius
1026 2685 1082 2738 sind
1101 2685 1151 2739 Ad-

74 2761 191 2826 verbien,
208 2763 356 2825 cogitatum
374 2760 426 2813 und
443 2761 548 2823 sactum
564 2758 727 2826 Partieipien.

146 2823 175 2884 7.
196 2831 217 2880 l.
236 2831 355 2879 nraoeimo
372 2834 448 2881 natu.
484 2827 509 2879 S.
528 2844 559 2881 zu
577 2829 653 2881 Paus.
671 2831 696 2892 5,
713 2830 737 2880 3.

147 2900 171 2950 3.
198 2896 324 2962 depulsus
347 2896 495 2949 ‘eberstehn
519 2897 671 2964 gendtbigt'.
689 2923 721 2933 —
741 2895 903 2961 ancipitibus
920 2891 1100 2959 ‘geldbrlicbe'.
1119 2919 1152 2931 -

76 2969 166 3034 premi
183 2965 231 3017 ‘ins
249 2963 380 3032 Gedringe
398 2965 534 3018 lrommen¹.
1120 3025 1127 3037 .

146 3049 185 3085 ec.
221 3032 311 3085 Hierzu
333 3033 368 3085 ist
391 3035 448 3085 loeo
475 3048 521 3086 aus
540 3033 627 3084 Iocum
646 3031 728 3082 talem
745 3045 777 3080 zu
794 3030 929 3095 erg'ainzen.
964 3026 1001 3077 Zu
1025 3026 1104 3078 vellet
1120 3030 1154 3078 rst

77 3101 252 3154 adversarius
268 3100 380 3165 Subjeet.
414 3101 510 3154 Wollte
532 3100 577 3152 der
600 3098 679 3151 deind
699 3095 856 3161 vorrdcken‚
879 3111 909 3149 so
931 3097 1029 3147 musste
1052 3108 1079 3146 er
1103 3093 1152 3145 den
1215 3135 1217 3139 ,

77 3171 198 3224 Datames
217 3185 263 3222 aus
281 3167 492 3288 sginerStellung
509 3168 660 3221 vertreiben.
688 3164 896 3232 Debersogleich
913 3161 1153 3230 (Autophradaten)

77 3241 176 3293 statuet
193 3253 242 3290 eon
262 3254 293 3289 rr
313 3241 332 3289 i.

148 3301 176 3364 8.
196 3310 218 3358 1.
236 3253 324 3372 ξηαπ.
351 3305 456 3359 lliervcr
474 3305 508 3358 ist
523 3307 615 3372 potius
632 3319 664 3356 zu
674 3303 810 3370 orgium,
826 3316 881 3353 was
898 3300 940 3353 die
948 3298 1039 3351 beaten
1049 3295 1163 3351 Schrilt.

78 3375 168 3429 steller
184 3373 256 3428 nicht
272 3374 425 3441 weglassen.
586 3429 589 3435 ,

149 3443 284 3508 tamdiu,
306 3443 357 3495 wie
382 3457 459 3495 unser
476 3443 514 3494 ‘so
533 3442 618 3508 lauge’
640 3439 679 3491 tur
696 3438 765 3492 ‘sebr
780 3438 874 3503 lange',
891 3433 1003 3487 welcher
1021 3432 1162 3488 Gebraucb.

79 3510 125 3564 der
142 3510 362 3565 demonsbutiven
378 3509 528 3564 Ausdriclre
546 3509 613 3561 obne
630 3508 717 3574 Bezug
735 3507 780 3559 ans
794 3510 876 3558 etwas
893 3497 1163 3570 Vorbergegangencs·
1254 3488 1273 3565 f

80 3579 144 3633 oder
160 3579 303 3646 l'olgendes
320 3578 355 3632 im
372 3578 549 3631 Lateinischen
566 3575 764 3643 ungewdlrnlich
781 3574 823 3626 ist.

150 3650 174 3701 2.
193 3646 371 3699 barbarorum
389 3647 480 3714 gehdrt
496 3646 562 3698 auch
579 3660 611 3697 zu
627 3643 763 3710 porinum,-
787 3642 882 3694 ebensc
898 3636 1001 3691 bexiebt
1017 3637 1072 3690 sich
1090 3653 1156 3717 quos

79 3716 124 3768 illi
146 3715 277 3768 ear-dacae
306 3716 445 3782 appellant
468 3715 532 3766 uucb
556 3713 601 3765 aul
621 3714 746 3778 equitum.
780 3709 826 3764 nte
845 3706 974 3761 Kardllxer
996 3721 1082 3759 waren
1099 3719 1156 3757 erue

80 3783 246 3852 Soldtruppe,
268 3782 337 3837 cline
354 3782 522 3837 Unterscbied
546 3782 591 3834 der
606 3780 792 3846 Abstammung
814 3793 860 3830 aus
883 3777 932 3829 den
956 3775 1083 3855 barbaren
1110 3772 1159 3852 des-
1248 3779 1250 3784 ’

51 3876 53 3881 ·
79 3853 228 3921 persischen
245 3851 339 3905 Reicbs
356 3850 478 3920 gebildet,
495 3850 707 3916 einigermuassen
725 3847 826 3900 ihnlich
844 3846 894 3900 den
910 3841 1057 3896 turlnscben
1074 3840 1157 3892 Janrt-
