2580 4372
137 165 197 227 102
517 171 778 224 1111111011018.
798 177 822 226 5.

103 352 248 404 20010100
270 343 332 402 1010
353 360 526 403 communes
552 362 618 403 oum
644 343 856 422 Epaminonda.
893 343 1025 424 Namque
1052 345 1208 407 Leuctrica

134 447 234 508 pugna
249 428 426 506 imperatore
441 427 645 506 Epaminonda
659 428 707 488 bio
722 428 778 489 luit
792 429 851 489 dux
861 429 991 490 deleotae
1001 449 1118 504 manus,
1133 450 1208 511 quae

102 523 117 573 3
133 514 227 592 prima
242 512 416 591 phalangem
431 513 588 591 prostravit
601 513 761 574 Laeonum.
791 513 936 574 Omnibus
952 523 1104 592 praeterea
1128 517 1209 596 peri-

134 598 208 659 eulis
238 597 320 658 alluit
348 597 450 671 (siout,
481 597 614 676 Spartam
642 617 709 658 oum
735 598 933 677 oppugnavit,
959 600 1086 660 alterum
1112 602 1209 662 tenuit

133 684 250 758 cornu),
266 701 385 761 quoque
400 683 533 743 Messena
549 683 674 744 celerius
690 684 908 758 restitueretur,
925 683 1038 762 legatus
1053 684 1085 745 in
1103 685 1208 747 Persas
1287 714 1288 719 ¹

134 776 178 829 est
192 768 353 846 proiectus.
384 767 519 845 lienique
534 769 606 828 baeo
626 767 683 829 luit
705 768 795 829 altera
810 786 937 847 persona
952 769 1079 844 Thebis,
1096 772 1149 831 sed
1164 779 1208 832 ta-

132 872 201 913 men
217 854 347 913 secunda
361 853 409 931 ita,
426 862 459 913 nt
473 853 605 931 proxima
621 862 698 914 esset
712 853 942 932 Epaminondae.
962 893 963 896 =

99 937 132 1009 51
218 935 408 998 Conflictatus
423 946 521 998 autem
536 946 581 998 est
596 956 663 998 oum
679 937 799 999 adversa
813 939 941 998 fortuna.
971 938 1043 999 Nam
1066 948 1095 1000 et
1110 939 1207 1013 initio,

132 1023 210 1082 sient
224 1023 417 1104 ostendimus,
442 1023 509 1082 exul
524 1022 617 1101 patria
632 1022 740 1095 caruit,
757 1032 786 1084 et
801 1042 868 1083 oum
883 1023 1064 1084 Thessaliam
1079 1024 1109 1084 in
1126 1032 1208 1104 pote·

132 1115 235 1168 statem
264 1107 472 1168 Thebanorum
501 1117 622 1186 ouperet
646 1107 779 1185 redigere
804 1107 1019 1186 legationisque
1045 1108 1111 1169 iure
1137 1111 1208 1172 satis

132 1200 242 1253 tentum
264 1212 295 1253 se
316 1192 523 1266 arbitraretur,
546 1192 626 1271 quod
647 1193 725 1271 apud
741 1211 844 1253 omnes
866 1202 968 1272 gentes
990 1202 1126 1254 sanetum
1142 1213 1207 1256 esse

133 1286 321 1352 consuesset,
344 1295 359 1337 a
392 1285 517 1356 tyranno
540 1276 705 1337 Alexandro
728 1277 858 1338 Pheraeo
881 1276 969 1339 simul
990 1297 1058 1339 oum
1080 1279 1207 1341 lsmenia

102 1369 117 1419 2
132 1363 365 1440 comprehensus
380 1363 411 1423 in
427 1363 521 1423 vinela
536 1361 687 1423 oonieotus
703 1371 756 1423 est.
782 1362 870 1423 Hunc
885 1362 1105 1441 Epaminondas
1118 1383 1207 1426 reon·

133 1446 254 1525 pererit,
275 1446 352 1507 110110
367 1465 549 1526 persequens
565 1447 771 1507 Alexandrum.
794 1446 864 1508 Post
878 1447 907 1508 id
920 1449 1030 1509 laetum
1044 1466 1208 1528 numquam

134 1532 231 1592 animo
247 1531 355 1610 placari
370 1532 467 1611 potuit
481 1532 511 1592 in
528 1549 605 1605 eum,
621 1551 637 1592 a
652 1549 711 1609 quo
723 1540 786 1592 erat
796 1531 927 1593 violatus.
949 1532 1051 1612 ltaque
1062 1535 1209 1613 persuasit

133 1616 295 1691 Thebanis,
320 1624 352 1678 ut
373 1617 504 1678 subsidio
525 1616 692 1677 Thessaliae
717 1617 979 1696 proficiscerentur
1003 1626 1207 1698 tyrannosque

102 1703 196 1762 3eius
218 1702 406 1782 expellerent.
444 1701 533 1763 Cuius
555 1702 624 1763 belli
647 1720 714 1763 oum
737 1703 763 1763 ei
787 1722 900 1764 summa
924 1711 1002 1764 esset
1023 1704 1088 1764 data
1111 1723 1207 1783 eoque

132 1807 200 1849 oum
222 1789 351 1849 exercitu
374 1789 525 1866 profectus
541 1795 632 1860 esset,
654 1806 716 1848 non
732 1787 887 1862 dubitavit,
910 1788 1033 1850 simulao
1049 1790 1206 1869 conspexit

101 1881 116 1931 4
130 1874 255 1948 hostem,
272 1873 439 1952 confligere.
471 1872 504 1933 ln
521 1891 580 1950 quo
602 1872 715 1951 proelio
732 1873 929 1933 Alexandrum
944 1882 977 1933 ut
992 1872 1205 1948 animadvertit,

131 1956 273 2018 incensus
294 1957 335 2017 ira
358 1977 467 2037 equum
489 1959 520 2018 in
542 1975 608 2018 eum
632 1957 801 2031 concitavit,
824 1959 989 2036 proculque
1015 1958 1168 2036 digressus
1191 1979 1207 2020 a

132 2043 209 2119 suis,
234 2042 369 2103 oonieotu
395 2043 522 2103 telorum
538 2042 694 2102 confossus
710 2042 846 2103 concidit.
891 2045 987 2122 Atque
1002 2044 1059 2103 hoe
1074 2044 1206 2105 secunda

131 2207 371 2328 ἓο1Ρ1ἷο101111111,
398 2209 467 2260 nieht
498 2210 540 2261 ‘ist
550 2209 606 2260 dem
633 2209 687 2262 Pel.
720 2209 925 2276 eigenthtimlieh'
955 2209 1016 2260 oder
1042 2208 1206 2275 ‘Eigenthum

149 2292 176 2329 es
216 2279 256 2328 e.'

200 2347 223 2396 2.
242 2345 359 2396 delectae
375 2361 479 2406 manate,
497 2344 727 2412 dersogenannten
747 2345 857 2410 heiligen
875 2342 978 2408 Sohaar,
996 2343 1041 2395 des
1067 2339 1140 2412 isphr
1163 2341 1207 2395 ld-

126 2430 185 2481 χος,
205 2412 343 2466 bestehend
361 2429 406 2465 aus
431 2417 494 2478 300,
523 2414 564 2465 die
590 2414 636 2464 aul
656 2413 834 2466 Staatshosten
863 2412 942 2478 gedbt
968 2411 1019 2463 und
1043 2413 1206 2465 untarhalten

130 2482 243 2534 wurden.
262 2511 296 2519 ——
312 2483 483 2547 pbalangem.
519 2480 544 2532 S.
562 2497 594 2532 zu
612 2482 743 2547 reliquam
762 2480 852 2531 Chabr.
873 2483 895 2543 1,
914 2483 938 2547 2.
972 2514 975 2521 -

199 2554 222 2603 3.
242 2553 410 2615 oppugnavit
426 2549 628 2615 Epaminondas,
653 2553 739 2600 tonuit
762 2547 906 2613 Pelopidas.
941 2547 991 2598 llas
1017 2552 1111 2598 erstere
1136 2550 1205 2599 ware

130 2618 418 2738 lpessershinzugesetzt.
459 2617 546 2684 Nepos
569 2618 648 2669 meint
671 2617 712 2668 die
730 2617 903 2682 Verwustung
921 2613 1080 2677 Lakanikas,
1105 2617 1155 2667 310
1179 2631 1204 2665 v.

151 2687 176 2738 h
232 2687 436 2738 .mn.8a

131 2762 163 2816 tq
200 2770 305 2818 quoque
322 2704 357 2799 L
375 2725 400 2802 el
417 2768 487 2818 quo;
510 2755 538 2801 in
557 2752 650 2802 Persas
675 2751 748 2802 ‘nach
766 2750 894 2811 Persien’,
912 2751 951 2803 ins
970 2748 1099 2817 persische
1116 2749 1204 2802 Reieh.

130 2822 157 2874 S.
175 2822 225 2873 den
243 2820 329 2872 Index.
363 2819 417 2872 Pel‘.
436 2821 499 2886 ging
517 2821 565 2872 361
584 2835 608 2870 v.
628 2820 672 2871 Gh.
691 2818 755 2870 nach
774 2818 884 2871 Persien.
919 2819 1035 2870 Messene
1052 2832 1107 2869 war
1124 2817 1205 2871 1111011

132 2893 181 2943 370
199 2888 453 2954 wiederhergestellt.
489 2887 515 2938 S.
539 2902 569 2937 zu
595 2886 641 2953 Ep.
663 2890 688 2951 8,
712 2891 736 2938 5.
771 2886 820 2938 Der
837 2886 920 2953 Kdnig
942 2886 987 2938 der
1004 2885 1094 2939 Persei
1110 2885 1206 2950 belahl,

129 2958 189 3010 dass
207 2957 248 3008 die
265 2957 461 3009 Lacedimonier
477 2954 569 3007 darauf
583 2955 727 3007 vemiehten
745 2954 846 3006 sollten.

199 3027 272 3078 11000.
308 3026 364 3076 Wir
390 3025 457 3088 hier,
484 3025 534 3075 wie
559 3024 586 3075 in
610 3023 744 3076 ihnliehen
769 3023 870 3085 1111011,
895 3021 974 3074 ‘dies'.
992 3049 1027 3059 -
1050 3021 1137 3071 altera
1155 3019 1206 3073 ‘die

131 3094 245 3155 andere'3
263 3095 380 3145 aeonnda
398 3093 447 3146 ‘die
467 3093 579 3152 zweite’;
596 3096 725 3158 prootma
744 3092 812 3144 ‘sehr
841 3090 924 3142 nahe'.
961 3090 1080 3140 Persona
1102 3088 1206 3141 ‘bedeu-

129 3163 205 3214 tende
223 3162 441 3215 Persbnliehkeit'.
478 3161 538 3227 Vgl.
556 3177 588 3212 zu
605 3161 683 3227 prael.
704 3163 726 3213 1.

198 3228 226 3286 5.
256 3234 278 3282 1,
307 3229 466 3291 001111101οή
487 3245 547 3279 auat
571 3229 664 3292 aliqua
688 3245 717 3278 re
740 3228 774 3278 ist
792 3227 887 3278 seltner
905 3225 942 3276 als
961 3224 1008 3275 mit
1025 3223 1084 3276 dem
1102 3224 1205 3276 blossen

130 3298 242 3350 Ablativ.
251 3327 286 3336 —
298 3314 357 3348 enm
376 3296 538 3347 Thessaliam
548 3312 573 3348 u.
588 3312 608 3348 1.
622 3313 654 3348 w.
664 3299 712 3349 368
725 3311 748 3345 v.
759 3295 803 3345 Gh.
814 3322 848 3332 -
856 3295 938 3343 simol
947 3308 1006 3343 oum
1019 3292 1068 3343 wie
1077 3292 1133 3345 Ale.
1145 3296 1170 3356 5,
1179 3296 1204 3344 4.

130 3370 161 3408 ‘²1'
199 3371 223 3419 2.
250 3382 412 3432 recuperare
438 3365 484 3415 mit
506 3363 565 3414 dem
587 3363 647 3415 hcc.
671 3365 739 3416 einer
757 3363 852 3414 Person
880 3360 959 3413 heisst
984 3359 1146 3426 gewbhnlieh
1164 3359 1205 3410 die

130 3434 281 3501 Znneigung
298 3433 452 3496 demandes,
477 3432 573 3496 seiten,
601 3433 650 3484 wie
667 3432 734 3492 hier,
762 3430 832 3482 seina
850 3428 945 3481 Person
971 3427 1032 3479 oder
1050 3427 1205 3494 Gegenwart

131 3501 356 3568 wiedererlangen.
392 3501 545 3552 Uebersetze
564 3498 783 3551 ι11“11111011111’1011’Ι

130 3569 157 3637 ζ’
200 3571 262 3621 Post
279 3569 309 3618 r'd
325 3569 427 3630 factum
445 3569 508 3635 geht
533 3568 578 3618 anf
598 3567 646 3620 den
669 3567 775 3619 Sohluss
800 3579 850 3615 von
872 3566 887 3627 ξ
908 3563 1095 3617 111111011.-
1114 3567 1204 3615 animo

129 3640 245 3705 placari.
280 3637 334 3688 Wir
351 3638 413 3689 ‘sein
431 3637 495 3688 llerz
513 3637 636 3688 rersdhnt
654 3634 773 3687 werden’.
791 3661 825 3670 —
842 3633 958 3683 violatur
983 3633 1031 3683 wie
1049 3631 1112 3683 Dion
1138 3634 1162 3695 2,
1180 3633 1205 3685 3.

129 3708 275 3771 —Itaque
293 3721 318 3756 u.
336 3721 358 3758 s.
376 3722 408 3757 w.
436 3709 486 3758 364
504 3721 529 3755 v.
547 3704 592 3756 Ch.

199 3777 223 3826 3.
242 3789 346 3824 mammo
365 3772 414 3824 ‘die
433 3772 613 3839 Oberleitung’.
631 3800 665 3810 -
683 3774 708 3822 4.
729 3768 846 3824 secunda
872 3772 984 3819 ototoria
1010 3767 1056 3819 ‘als
1083 3767 1127 3820 der
1145 3766 1207 3833 Sieg
1261 3782 1264 3789 ·

130 3844 184 3896 sieh
201 3843 253 3894 ihm
272 3841 408 3909 auneigte’.
