2580 4372
179 185 218 248 18
523 189 552 241 ll.
571 187 820 244 tenuissemus.
841 195 862 243 1.
881 192 904 243 2.
997 220 999 224 -

176 365 241 426 laus
255 362 299 424 rei
313 361 447 423 militaris
462 361 594 425 maxima.
624 361 704 424 Haeo
718 362 848 443 populus
862 362 1025 442 respiciens
1047 363 1149 425 maluit
1163 363 1249 424 illum·

177 446 330 510 innoxium
346 446 436 526 plecti
451 466 538 527 quam
553 467 586 508 se
599 448 710 509 diutius
725 466 791 509 esse
805 447 836 508 in
849 447 966 510 timore.

559 529 588 582 ΙΙ.
607 528 856 583 THEbllS'l'OCLES.

263 600 496 675 Tnnmsroenns,
524 600 626 662 Neocli
646 601 743 676 filius,
766 600 964 662 Atheniensis.
996 600 1092 662 Huius
1112 599 1179 660 vitia
1201 600 1250 661 in-

179 685 276 748 euntis
290 684 507 747 adulescentiae
527 686 642 763 magnis
663 695 733 747 sunt
755 685 908 747 emendata
927 684 1099 761 virtutibus,
1122 686 1194 747 adeo
1216 692 1251 744 ut

2 860 5 867 Ι
56 794 59 799 ·
147 772 358 834 aanteferamr
372 768 442 830 huic
456 788 553 845 nemo,
569 772 656 850 pauci
671 789 757 850 pares
772 778 925 850 putentur.
956 770 1014 831 Sed
1039 771 1075 832 ab
1097 770 1182 832 initio
1204 778 1252 830 est

179 857 348 918 ordiendus.
384 854 470 915 Pater
485 855 549 916 eius
563 854 687 916 Neocles
709 873 872 935 generosus
887 856 951 916 luit.
988 855 1016 915 ls
1032 873 1154 916 uxorem
1169 854 1251 915 Hali-

180 941 355 1004 carnassiam
371 939 462 1000 civem
476 940 570 1014 duxit,
586 959 621 1002 ex
637 959 694 1018 qua
709 948 795 1001 natus
811 949 855 1001 est
869 940 1090 1002 Themistocles.
1113 939 1253 1010 Quicum

179 1027 278 1088 minus
294 1024 528 1104 esset'probatus
543 1025 725 1104 parentibus,
743 1027 821 1105 quod
837 1035 866 1086 et
880 1025 1002 1087 liberius
1016 1024 1129 1086 vivebat
1144 1032 1173 1085 et
1187 1042 1251 1084 rem

149 1123 164 1175 3
179 1111 351 1173 familiarem
366 1108 548 1188 neglegebat,
564 1129 579 1170 a
594 1117 678 1188 patre
694 1111 886 1172 exheredatus
902 1118 954 1172 est.
978 1110 1058 1182 Quae
1073 1109 1252 1171 contumelia

180 1216 242 1258 non
263 1195 350 1273 fregit
371 1213 454 1268 eum,
484 1195 535 1256 sed
556 1195 657 1256 erexit.
701 1194 774 1256 Nam
797 1214 865 1256 cum
887 1196 1045 1258 iudicasset
1059 1195 1123 1256 sine
1138 1211 1253 1255 summa

180 1278 324 1343 industria
339 1299 400 1340 non
416 1297 504 1359 posse
520 1297 583 1340 eam
599 1279 755 1358 exstingui,
771 1287 866 1341 totum
881 1299 913 1341 se
929 1280 1038 1342 dedidit
1052 1281 1094 1341 rei
1106 1278 1254 1358 publicae,

182 1364 353 1444 diligentius
368 1364 469 1425 amicis
484 1365 637 1443 famaeque
652 1365 791 1426 serviens.
821 1366 947 1426 Multum
969 1365 1000 1425 in
1022 1365 1138 1426 iudiciis
1159 1364 1253 1444 priva·

180 1451 219 1513 tis
239 1449 423 1522 versabatur,
446 1467 533 1528 saepe
554 1448 584 1509 in
609 1449 777 1511 contionem
799 1451 903 1529 populi
926 1450 1076 1530 prodibat3
1102 1449 1183 1510 nulla
1205 1467 1255 1510 res

180 1536 275 1597 maior
288 1535 352 1596 sine
368 1553 404 1594 eo
420 1533 593 1613 gerebatur3
615 1534 758 1606 celeriter,
775 1554 849 1614 quae
866 1554 941 1615 opus
962 1544 1055 1609 erant,
1078 1533 1254 1614 reperiebat,

8 1634 13 1649 ¹
44 1692 49 1703 ¹
150 1621 266 1686 elacile
289 1619 390 1681 eadem
406 1618 539 1680 oratione
555 1618 726 1698 explicabat.
756 1619 859 1698 Neque
874 1620 973 1682 minus
989 1620 1019 1680 in
1041 1619 1131 1680 rebus
1146 1638 1255 1698 geren-

183 1708 228 1768 dis
243 1712 400 1785 promptus
415 1722 502 1782 quarn
519 1703 719 1783 excogitandis
735 1712 805 1780 erat,
822 1706 902 1785 quod
917 1714 946 1766 et
967 1705 1003 1766 de
1018 1704 1207 1779 instantibus,
1223 1710 1257 1764 ut

183 1792 224 1853 ait
245 1789 448 1868 Thucydides,
475 1789 627 1850 verissime
653 1789 800 1851 iudicabat
825 1798 854 1851 et
875 1791 911 1851 de
936 1789 1044 1852 suturis
1070 1788 1256 1850 callidissime

184 1875 357 1937 coniciebat.
402 1872 467 1944 Quo
483 1874 593 1934 lactum
609 1881 662 1951 est,
679 1882 712 1935 ut
726 1874 807 1936 brevi
822 1883 955 1954 tempore
971 1874 1176 1936 illustraretur.

148 1958 168 2018 2
267 1958 385 2019 Primus
407 1965 505 2018 autem
532 1959 639 2036 gradus
665 1958 722 2018 luit
736 1961 932 2039 capessendae
957 1960 1001 2020 rei
1022 1958 1158 2039 publicae
1177 1955 1257 2018 bello

184 2046 344 2123 Corcyraeo
353 2061 361 2116 ;
377 2043 412 2103 ad
428 2042 508 2121 quod
524 2044 687 2122 gerendum
698 2051 817 2123 praetor
828 2064 845 2107 a
855 2045 968 2125 populo
979 2046 1073 2105 lactus
1084 2062 1145 2104 non
1158 2042 1257 2104 solum

182 2129 332 2210 praesenti
347 2127 436 2203 bello,
458 2128 509 2190 sed
532 2129 618 2190 etiam
637 2128 753 2208 reliquo
775 2137 909 2209 tempore
930 2131 1106 2191 ferociorem
1129 2126 1257 2189 reddidit

153 2215 338 2277 asinitatem.
382 2212 455 2273 Nam
471 2231 539 2274 cum
554 2212 682 2293 pecunia
697 2213 824 2293 publiea,
842 2233 917 2293 quae
933 2234 968 2276 ex
989 2213 1113 2276 metallis
1135 2211 1258 2283 redibat,

622 2378 824 2432 Tnnmsrocnes.

255 2445 280 2503 1.
301 2451 323 2500 1.
345 2445 752 2501 Tinnietoeles-Atbeniensis.
779 2449 807 2500 ln
825 2447 956 2502 derselben
976 2448 1071 2512 Weise,
1089 2446 1148 2498 dass
1163 2446 1261 2512 gleich-

184 2533 239 2570 sam
257 2515 314 2568 eine
331 2513 504 2566 Ueberechrist
521 2516 685 2582 vorausgebt‚
704 2531 736 2567 an
755 2515 796 2568 die
814 2515 859 2568 das
876 2515 1005 2583 Folgende
1023 2514 1106 2582 gleieh
1124 2514 1257 2580 ankm'ipit,

184 2586 228 2636 hat
246 2584 277 2637 N.
295 2582 408 2635 mehrere
425 2581 743 2650 Lebensbesohreibungen
760 2584 903 2650 begounen.
938 2583 1012 2634 Diese
1030 2582 1190 2649 abgerissene
1206 2582 1260 2632 1111-

185 2654 240 2704 1111
256 2653 291 2703 ist
308 2649 365 2701 dem
383 2656 462 2715 guten
480 2646 529 2700 Stil
547 2648 684 2702 1111111111
702 2650 823 2702 zuwider.
852 2658 859 2689 ²

252 2719 339 2769 Heius
356 2717 434 2784 ltingt
450 2717 482 2767 ab
492 2731 543 2768 von
553 2716 611 2768 dem
619 2717 843 2784 Gesammtbegriff
848 2721 914 2768 viiia
923 2720 1039 2768 ineuntis
1048 2717 1262 2768 adulescentiae:

185 2788 264 2840 ‘seine
280 2784 372 2838 Felrler
389 2785 423 2835 im
441 2783 609 2850 angehendeu
625 2785 848 2853 Jdnglingsalter’.

253 2857 277 2907 2.
297 2860 335 2904 est
361 2852 506 2903 ordiendae
524 2853 577 2915 ‘er’,
595 2853 620 2904 d.
639 2854 656 2904 i.
674 2855 737 2906 ‘sein
756 2854 857 2906 Leben’.
892 2852 947 2904 Wir
964 2868 1043 2920 sageu
1062 2852 1115 2911 ‘mit
1138 2851 1207 2903 ibm'.
1225 2881 1259 2888 -

184 2937 330 2989 generosus
347 2921 542 2987 ‘edelgeboren'.

256 2990 486 3040 Halieernessiem
495 2987 530 3039 ist
539 2987 697 3042 Substantiv.
715 2989 752 3041 Zu
763 2989 955 3053 Substantiven,
972 2987 1261 3040 welchePersonenbe-

188 3059 318 3123 zeichuen,
329 3057 394 3108 wird
402 3060 466 3108 stets
479 3055 523 3106 der
532 3054 916 3110 Volke-oderBewohnerneme
925 3056 1107 3123 gesetzt,nicht
1117 3055 1261 3119 dasrldjec-

186 3127 233 3179 tiv.
257 3126 283 3179 S.
301 3124 405 3191 Madvig
422 3125 439 3192 5
461 3126 518 3176 191.
536 3152 571 3162 -
586 3125 702 3189 probari
719 3127 804 3177 alieni
825 3126 883 3179 ‘den
901 3125 991 3176 Beliall
1005 3124 1140 3189 jemandes
1158 3123 1263 3177 linden'.

254 3197 278 3247 3.
297 3193 381 3258 fregit
397 3192 496 3257 ‘schlug
514 3185 618 3258 nieder’,
635 3193 830 3261 ‘entmuthigte’.
848 3222 883 3233 -
899 3197 1000 3244 eernire
1017 3193 1081 3245 ‘sich
1090 3192 1262 3244 widinen.-

186 3264 345 3315 versabatur
362 3264 424 3311 ‘war
440 3259 540 3325 thiatig'.

256 3335 280 3384 4.
299 3327 428 3381 Verbinde
447 3331 476 3378 in
493 3328 572 3376 rebus
588 3329 716 3392 gerendis
734 3345 815 3395 quem
832 3329 1020 3394 excogitandis
1038 3330 1090 3381 und
1106 3331 1200 3380 belone
1216 3342 1261 3390 ge·

185 3399 278 3450 randis
294 3397 347 3449 und
365 3395 560 3462 eaceogitgndis.

255 3469 385 3516 instantia
394 3464 448 3516 1111
459 3462 512 3515 und
521 3462 559 3515 oft
567 3461 617 3514 ‘die
627 3461 797 3530 Gegenwart'.
813 3464 897 3517 Ueber
910 3465 1078 3533 Thucydides
1087 3463 1110 3515 d.
1124 3463 1189 3515 Einl.
1199 3461 1225 3514 S.
1236 3465 1261 3513 5.

256 3527 285 3588 2.
312 3536 387 3584 1-3.
404 3533 453 3585 Der
471 3531 548 3598 Krieg
565 3530 611 3581 mit
628 3530 677 3583 den
696 3532 850 3600 Corcyriern
867 3532 920 3584 und
937 3531 1091 3585 Seerdubern
1109 3531 1202 3583 beruht
1220 3529 1266 3581 aut

188 3601 271 3653 einern
288 3600 396 3652 lrrthum
413 3600 458 3652 des
476 3599 571 3666 Nepos.
599 3597 652 3649 Ilen
670 3599 737 3652 Rath
754 3616 812 3652 zum
830 3599 973 3654 Schiffsbau
991 3599 1106 3652 ertbeilte
1125 3598 1213 3650 Them.
1224 3597 1262 3650 als

186 3669 303 3721 Archont
311 3667 392 3731 (nicht
400 3674 511 3734 praetor
517 3685 528 3729 ;
538 3683 559 3719 s.
572 3682 604 3717 zu
612 3666 677 3719 Nlilt.
687 3672 711 3732 4,
721 3671 748 3733 4)
761 3668 902 3722 411111.
918 3670 951 3720 im
961 3667 1053 3734 liriege
1063 3683 1145 3735 gegen
1153 3667 1258 3734 Aegina.

259 3740 282 3789 1.
300 3736 477 3803 capessendae
495 3738 537 3785 rei
553 3735 679 3800 publicae
696 3736 790 3789 ‘seiner
807 3737 959 3804 politiseben
977 3734 1142 3803 Tbiitiglreit’.

257 3807 394 3871 praesenti
417 3804 483 3854 bello
509 3801 561 3853 und
586 3803 690 3869 reliquo
715 3810 833 3873 tempore
860 3804 970 3872 geboren
994 3803 1064 3855 nieht
1087 3820 1118 3855 zu
1136 3802 1265 3868 reddidit,

187 3872 299 3926 sondern
317 3889 349 3924 zu
365 3871 533 3933 fereeiorem.
