2580 4372
148 190 189 250 40
280 215 286 227 ·
544 193 586 245 lV.
603 193 781 245 LYSANDER.
801 198 825 247 4.

150 369 314 437 sententiis,
339 367 544 429 Orchomeniis
565 367 674 428 missus
695 367 825 428 subsidio
849 367 965 429 occisus
981 376 1024 428 est
1039 386 1054 427 a
1070 367 1222 431 Thebanis

119 461 135 511 5
149 456 226 532 apud
242 454 414 515 Haliartum.
438 453 531 524 Quam
545 472 613 514 vere
628 453 663 513 de
679 471 714 512 eo
729 452 806 513 leret
820 453 989 527 iudicatum,
1002 454 1095 513 oratio
1111 453 1226 515 indicio

149 538 214 614 fuit,
231 557 306 618 quae
320 545 388 619 post
403 547 527 598 mortem
544 538 574 598 in
596 539 683 598 domo
698 539 762 599 eius
776 546 892 617 reperta
908 546 967 611 est,
990 539 1021 598 in
1044 557 1101 618 qua
1117 538 1225 600 suadet

149 623 398 698 Lacedaemoniis
415 633 447 685 ut
461 624 542 702 regia
556 631 700 703 potestate
715 623 855 684 dissoluta
871 642 906 684 ex
922 623 1059 684 omnibns
1074 625 1133 684 dux
1149 625 1225 684 deli·

150 717 235 787 gatur
250 710 285 770 ad
300 709 411 771 bellum
427 709 598 788 gerendum,
615 709 667 769 sed
683 708 802 787 scripta,
818 718 851 769 ut
873 709 960 769 deum
980 709 1127 769 rideretur
1149 728 1226 770 con-

150 812 257 872 gruere
279 795 450 870 sententiae,
475 813 562 874 quam
584 794 632 854 ille
654 813 686 855 se
705 793 874 855 habiturum
896 794 1022 873 pecunia
1043 795 1137 855 fidens
1161 812 1224 855 non

151 880 309 940 dubitabat.
339 880 422 940 Hanc
438 879 465 939 ei
480 879 634 959 scripsisse
650 879 740 940 Cleon
756 878 995 940 Halicarnassins
1005 879 1121 940 dicitnr.

116 968 136 1027 4
236 966 331 1043 Atque
346 965 484 1025 hocloco
500 983 561 1025 non
577 974 621 1025 est
636 965 884 1042 praetereundum
907 964 1014 1025 lactum
1029 963 1225 1039 Pharnabazi,

150 1051 379 1132 satrapisregii.
424 1049 496 1109 Nam
519 1068 586 1110 cum
608 1050 759 1129 Lysander
780 1051 946 1129 praefectus
969 1049 1068 1110 classis
1091 1049 1121 1109 in
1144 1049 1224 1110 bello

149 1136 242 1197 multa
263 1136 423 1197 crudeliter
444 1153 587 1215 avareque
607 1135 725 1195 fecisset
746 1135 841 1214 deque
856 1136 903 1197 his
917 1135 1006 1196 rebus
1021 1135 1228 1213 suspicaretur

150 1222 186 1281 ad
202 1221 279 1282 cives
294 1240 365 1282 suos
381 1239 445 1281 esse
461 1221 616 1299 perlatum,
638 1220 721 1299 petiit
742 1238 758 1280 a
773 1218 972 1293 Pharnabazo,
988 1228 1021 1280 ut
1043 1220 1077 1280 ad
1094 1220 1226 1299 ephoros

150 1305 206 1367 sibi
222 1306 424 1367 testimonium
440 1307 532 1382 daret,
548 1316 656 1384 quanta
670 1306 824 1366 sanctitate
839 1306 948 1366 bobum
962 1305 1101 1382 gessisset
1115 1305 1228 1365 socios-

150 1410 208 1469 que
222 1399 383 1465 tractasset,
400 1393 496 1470 deque
507 1411 540 1452 ea
553 1410 585 1451 re
596 1399 733 1451 accurate
746 1390 903 1451 scriberet:
919 1409 1053 1468 magnam
1068 1391 1147 1450 enim
1160 1391 1226 1450 eius

119 1477 353 1539 tauctoritatem
374 1476 405 1536 in
421 1495 454 1536 ea
476 1495 508 1536 re
531 1477 668 1536 futuram.
698 1474 775 1536 Huic
796 1475 845 1535 ille
867 1475 1026 1536 liberaliter
1047 1475 1224 1553 pollicetur;

150 1561 259 1624 librum
281 1560 423 1641 grandem
443 1560 540 1622 verbis
560 1560 660 1622 multis
684 1560 878 1640 conscripsit,
907 1561 939 1621 in
968 1561 1076 1638 quibus
1099 1561 1224 1621 summis

150 1665 218 1709 eum
233 1648 291 1709 fert
305 1646 450 1708 laudibus.
480 1647 573 1718 Quem
590 1666 657 1707 cnm
672 1645 792 1726 legisset
805 1646 1028 1725 probassetque‚
1044 1646 1112 1705 dum
1124 1646 1226 1723 signa-

148 1741 207 1807 tur,
224 1733 347 1794 alterum
363 1732 426 1811 pari
441 1731 654 1810 magnitudine,
669 1739 749 1792 tanta
760 1730 961 1807 similitudine,
973 1739 1006 1791 ut
1017 1731 1145 1790 discerni
1161 1750 1224 1792 non

150 1825 260 1896 posset,
282 1818 429 1897 signatum
452 1817 586 1892 subiecit,
609 1818 640 1878 in
663 1837 722 1896 quo
745 1815 962 1877 accuratissime
990 1816 1053 1877 eins
1075 1816 1224 1877 avaritiam

120 1903 361 1981 aperfidiamqne
383 1910 543 1971 accusarat.
574 1902 661 1963 Hunc
676 1902 834 1981 Lysander,
858 1902 976 1962 domum
1000 1920 1066 1961 cum
1088 1901 1239 1977 redisset,

139 1997 307 2067 ,postquam
323 1988 359 2048 de
375 1988 436 2048 suis
451 1986 540 2048 rebus
556 1988 645 2067 gestis
657 1987 735 2067 apud
750 1986 908 2047 maximum
919 1986 1131 2065 magistratum,
1148 2005 1224 2066 quae

149 2154 194 2206 Die
216 2153 362 2219 Erzahlung
385 2169 436 2204 von
463 2154 551 2205 seinen
573 2153 671 2206 Placen
695 2169 752 2204 zum
771 2152 844 2205 Sturz
869 2153 913 2205 des
930 2153 1100 2219 lldnigthums
1122 2154 1156 2206 ist
1178 2171 1226 2206 un·

150 2221 240 2274 sicher.
275 2219 359 2272 Ueber
376 2221 416 2273 die
434 2221 588 2288 Participien
605 2238 637 2273 zu
654 2221 731 2273 Paus.
751 2224 775 2285 2,
793 2225 816 2273 6.

220 2294 241 2342 5.
270 2288 355 2350 Quem
372 2306 433 2341 vere
450 2315 484 2335 =
500 2289 569 2342 ‘dass
585 2290 683 2342 falsch'.
700 2319 734 2326 —
752 2290 824 2352 soret
848 2289 902 2341 bier
918 2288 970 2341 and
992 2289 1058 2341 diter
1074 2305 1158 2356 gegen
1176 2290 1226 2342 den

151 2357 282 2412 Gebraucb
301 2357 345 2410 der
361 2358 451 2410 besten
470 2357 650 2411 Schriltsteller
666 2358 707 2410 bit
724 2365 797 2410 esset.

219 2431 249 2478 in
267 2427 344 2478 domo
363 2431 426 2478 eius.
453 2426 536 2478 Wenn
547 2427 640 2478 domuc
657 2427 703 2479 das
713 2425 832 2479 Gebinde
841 2424 997 2489 bezeichnet,
1015 2425 1041 2476 in
1051 2424 1108 2478 dem
1117 2424 1226 2477 Jemand

149 2496 247 2560 wohnt,
260 2495 325 2546 wird
344 2511 371 2547 es
389 2495 439 2546 wie
452 2495 527 2559 jedes
542 2496 718 2548 andereWort
736 2494 887 2553 behandelt;
907 2494 987 2558 domi,
1006 2494 1120 2556 domum,
1140 2494 1227 2558 domo,

150 2578 252 2616 unserm
276 2562 402 2628 ‘deheim’,
426 2562 519 2628 ‘heim’,
543 2565 603 2614 ‘von
621 2563 729 2614 daheim'
758 2559 957 2630 entsprechend‚
981 2562 1136 2614 bezeichnen
1161 2577 1226 2628 ganz

150 2631 286 2698 allgemein
303 2630 352 2682 den
370 2630 503 2682 Wobnort.

221 2699 278 2748 dux
304 2699 353 2749 ‘ein
375 2692 486 2750 Fiihrer'.
509 2726 543 2736 —
565 2704 596 2748 ct
617 2700 655 2751 ‘so
679 2697 754 2749 dass'.
773 2727 807 2734 —
831 2701 980 2749 sententiae
996 2697 1129 2764 ‘Stimme’,
1152 2699 1227 2750 ‘Ans-

153 2765 262 2833 spruch’.
285 2796 310 2802 -·
333 2766 608 2830 quam—dubitabat.
640 2764 665 2816 S.
684 2780 716 2816 zu
734 2781 770 2833 pr.
792 2769 814 2817 1.
831 2793 866 2803 —
891 2765 971 2817 Cleon
992 2782 1044 2818 von
1065 2766 1226 2818 Halicamass

154 2833 253 2886 scheint
271 2833 311 2884 ein
329 2833 502 2886 bedentender
519 2833 616 2885 Rhetor
634 2848 753 2900 gewesen
771 2849 803 2884 zu
821 2834 884 2886 sein.

220 2897 248 2956 4.
267 2904 317 2954 404
335 2917 360 2952 v.
378 2901 422 2953 dh.
440 2930 475 2940 —
496 2905 516 2954 l.
536 2901 660 2954 hocloco
679 2902 729 2954 wie
747 2902 822 2956 Pane.
840 2905 865 2965 4,
884 2905 907 2954 3.
927 2929 956 2938 -
980 2902 1166 2968 Phameam,
1184 2919 1226 2953 aa·

155 2972 240 3036 trapis
264 2973 336 3035 regii
357 2986 408 3023 von
431 2970 561 3038 Phrygien
586 2984 626 3020 am
649 2969 806 3038 Hellespont.
840 2969 924 3021 Ueber
940 2973 1011 3035 regii
1028 2986 1059 3020 zu
1077 2970 1141 3022 Milt.
1159 2976 1184 3036 l,
1202 2974 1225 3024 3.

152 3037 201 3089 Der
219 3037 280 3090 Gen.
294 3040 411 3104 satrapis
428 3038 480 3090 und
499 3038 543 3091 der
559 3040 619 3090 Acc.
637 3044 772 3105 senopem
790 3039 850 3095 (lon.
870 3040 894 3103 2,
915 3041 925 3090 1
947 3038 1003 3090 sind
1014 3039 1226 3105 ungewohnlicb:

153 3105 320 3174 regelmiissig
339 3106 400 3172 geht
417 3106 462 3158 das
480 3107 554 3159 Wort
572 3106 635 3159 nach
653 3106 697 3158 der
715 3111 799 3159 ersten
818 3107 900 3171 (Nom.
918 3109 1054 3173 sotrbpea).

222 3174 253 3224 de
272 3174 312 3223 bio
330 3175 409 3224 reduc
425 3175 517 3241 gehbrt
535 3191 566 3225 zu
584 3192 639 3225 ecce
654 3173 798 3242 perlatum.
822 3204 857 3213 —
879 3175 1000 3241 ephoros.
1033 3172 1059 3224 S.
1081 3190 1113 3225 zu
1136 3174 1224 3227 Them.

153 3245 177 3306 7,
196 3245 220 3294 2.
231 3244 419 3292 —acnctitate
435 3242 607 3294 ‘malellosem
626 3243 770 3310 Berragen',
787 3242 925 3294 besonders
943 3241 1227 3310 ‘Uneigenntitzigkeit'.

152 3338 186 3348 —
205 3314 331 3361 acmzrate
348 3309 515 3377 ‘eingehend'.

221 3381 245 3430 2.
264 3377 411 3429 liberaliter
428 3378 462 3428 ‘in
479 3377 723 3431 zuvorkommender
740 3378 843 3430 Weise'.
855 3406 885 3414 —
897 3378 964 3428 liber
981 3377 1014 3429 ist
1027 3377 1088 3443 jede
1106 3377 1225 3430 ‘Schrilt'.

157 3445 293 3498 Grandem
311 3447 397 3497 ambis
413 3446 505 3497 multis
522 3447 588 3499 ‘eine
605 3449 700 3513 grosse'
725 3445 820 3511 (dicke)
842 3446 1018 3498 ‘wortreiehe’.
1054 3446 1099 3506 (lm
1117 3445 1224 3498 Lateini-

153 3512 229 3566 seben
252 3514 342 3581 gebbrt
365 3516 452 3565 verbm
475 3515 565 3566 multas
587 3514 713 3585 natyirlich
734 3530 792 3565 zum
817 3513 947 3578 Verbum.)
983 3513 1074 3566 Beides
1097 3515 1132 3566 ist
1155 3514 1226 3566 nicht

153 3582 283 3635 dasselbe:
302 3582 369 3635 deno
387 3583 443 3635 eine
460 3579 553 3636 Schrift
570 3583 638 3635 kann
655 3582 791 3636 wettreich
809 3582 860 3633 und
879 3583 945 3635 doch
962 3581 1030 3633 blein
1050 3583 1114 3634 sein.

222 3650 259 3702 Zu
285 3650 601 3718 (laceo-probassetque
621 3652 656 3704 ist
678 3649 820 3719 Lysander,
848 3666 879 3702 zu
905 3652 1019 3702 subiecit
1045 3650 1226 3702 Pharnabazus

154 3717 266 3785 subject,
283 3719 382 3772 welche
399 3720 486 3772 besser
504 3719 682 3772 ausdrficlilich
705 3717 854 3772 bezeichnet
877 3722 971 3770 waren.
1006 3718 1076 3768 Dum
1100 3722 1226 3783 signorm

154 3786 245 3852 gehon
263 3803 320 3839 zum
338 3787 493 3855 Folgenden
517 3788 659 3853 Signatum
676 3786 783 3838 ‘welche
797 3788 876 3839 sehon
894 3785 1140 3853 (vorherlgesiegelt
1155 3787 1226 3838 war'.

223 3858 246 3909 3.
264 3860 412 3906 maximnm
430 3859 627 3920 magistratum,
645 3853 694 3907 den
711 3855 838 3923 Ephoren.
865 3855 891 3907 S.
909 3869 941 3904 zu
959 3852 1047 3906 Them.
1066 3857 1090 3918 7,
1108 3857 1132 3906 4.
