2580 4372
383 148 387 155 ’
453 164 517 219 rvr.
534 164 718 221 enormis.
735 170 760 221 a.
777 171 801 221 o.
1103 167 1160 228 101

91 337 208 410 venire,
234 354 303 398 cum
329 334 451 397 canibus
470 337 611 399 venaticis
634 339 784 412 exierunt,
805 339 878 400 retia
896 339 1040 421 ferentes,
1056 342 1162 403 vestitu

91 422 209 501 agresti,
231 440 291 501 qno
307 423 422 482 minore
437 422 607 500 suspicione
623 425 754 484 lacerent
767 422 832 484 iter.
871 422 928 494 Qui
944 442 1011 484 cum
1026 433 1161 504 tempore

91 506 165 586 ipso,
183 525 242 586 quo
254 507 437 580 studuerant,
449 507 663 585 pervenissent,
679 508 799 568 domum
810 508 954 569 Charonis
964 510 1161 592 deverterunt,

91 610 107 651 a
122 610 182 669 quo
199 600 228 651 et
241 599 360 670 tempus
382 599 411 651 et
425 591 488 651 dies
509 600 571 651 erat
585 593 679 654 datus.
710 593 774 652 Hoc
794 592 860 654 loco
875 592 946 652 libet
961 593 1162 672 interponere,
1175 597 1193 658 3

91 676 147 736 etsi
161 675 328 737 seiunctum
344 675 379 736 ab
395 694 428 737 re
443 675 595 754 proposita
610 686 663 751 est,
679 678 769 738 nimia
784 678 889 738 fiducia
904 685 1030 757 quantae
1046 679 1163 740 calami-

91 760 143 820 tati
159 760 250 822 soleat
264 779 338 821 esse.
368 760 440 821 Nam
455 761 679 838 magistratuum
701 762 909 823 Thebanorum
924 763 1020 823 statim
1030 764 1066 824 ad
1083 765 1163 824 auris

92 847 227 924 pervenit
248 845 348 906 exules
369 846 399 905 in
422 845 526 906 urbem
540 847 665 907 venisse.
695 845 727 905 ld
748 846 791 906 illi
812 848 881 908 rino
903 846 1058 926 epulisque
1073 848 1163 910 dediti

92 948 188 1009 usque
203 948 238 991 eo
254 931 462 1009 despexerunt,
476 940 510 991 ut
525 950 563 991 ne
578 949 720 1010 quaerere
735 932 854 1010 quidem
870 933 905 992 de
926 939 1005 993 tanta
1027 951 1060 992 re
1080 932 1162 993 labo-

93 1015 195 1076 rarint.
226 1013 475 1088 necessitatum,
501 1015 688 1094 quodmagis
710 1016 837 1095 aperiret
858 1034 960 1077 eorum
977 1017 1192 1079 dementiaml

93 1099 186 1161 Allata
201 1107 245 1160 est
260 1099 339 1160 enim
355 1099 480 1178 epistula
495 1099 618 1160 Athenis
633 1100 668 1161 ab
684 1100 815 1161 Archino
831 1101 884 1161 uni
900 1120 935 1161 ex
948 1101 1011 1184 his,
1029 1102 1162 1177 Archiae,

93 1185 143 1263 qui
158 1192 222 1244 tum
236 1184 394 1244 maximum
415 1185 618 1262 magistratum
633 1185 917 1259 Thebis-obtinebat,
940 1186 970 1246 in
992 1204 1050 1264 qua
1066 1187 1163 1248 omnia

92 1269 129 1330 de
149 1268 335 1349 profectione
356 1286 459 1329 eorum
480 1269 643 1348 perscripta
664 1277 757 1330 erant.
794 1270 875 1341 Quae
896 1289 962 1332 cum
992 1271 1050 1332 iam
1076 1290 1163 1333 accu-

92 1353 174 1415 banti
197 1354 228 1413 in
251 1353 383 1414 convivio
400 1361 478 1414 esset
492 1353 572 1429 data,
597 1355 674 1415 sicut
695 1362 757 1414 erat
778 1355 905 1433 signata,
932 1355 988 1417 snb
1009 1356 1163 1436 pulvinum

92 1437 252 1511 subiciens,
264 1437 299 1498 ln
311 1438 481 1512 crastinum,
493 1438 599 1517 inquit,
614 1439 718 1500 differo
733 1458 781 1500 res
796 1458 920 1500 severas.
942 1443 979 1500 At
993 1440 1036 1501 illi
1050 1459 1163 1515 omnes,
1179 1449 1194 1498 3

93 1542 161 1583 curn
175 1522 233 1583 iam
256 1540 315 1582 nox
330 1522 539 1601 processisset,
560 1524 704 1585 vinolenti
725 1524 761 1585 ab
777 1524 911 1585 exulibus
934 1526 1009 1585 duce
1024 1525 1163 1605 Pelopida

93 1617 164 1668 sunt
178 1606 337 1669 interlecti.
368 1606 482 1678 Quibus
500 1608 589 1668 rebus
611 1608 768 1682 conlectis,
790 1608 878 1687 vulgo
900 1609 936 1669 ad
952 1628 1031 1670 arma
1046 1609 1164 1670 liberta·

92 1702 212 1770 temque
227 1699 340 1766 vocato,
357 1710 417 1752 non
433 1692 528 1752 solum
544 1692 641 1770 quiin
658 1692 731 1752 urhe
747 1701 840 1767 erant,
856 1693 907 1753 sed
923 1695 1009 1754 etiam
1031 1694 1165 1773 undique

95 1797 130 1839 ex
155 1777 234 1855 agris
260 1785 493 1850 concurrerunt,
519 1776 698 1856 praesidium
718 1775 1017 1838 Lacedaemoniorum
1038 1796 1074 1838 ex
1099 1796 1166 1840 arce

92 1862 283 1942 pepulerunt,
298 1861 423 1941 patriam
438 1860 591 1922 obsidione
606 1860 778 1936 liberarunt,
801 1871 936 1924 auctores
952 1861 1093 1924 Cadmeae
1114 1881 1164 1924 oc-

95 1945 247 2026 cupandae
262 1946 369 2025 partim
384 1946 566 2021 occiderunt,
581 1946 733 2025 partimin
749 1946 869 2008 exilium
883 1947 1044 2009 eiecerunt.

178 2031 243 2091 lloc
256 2038 316 2091 tam
339 2028 458 2091 turbido
472 2041 622 2110 tempore,
644 2031 721 2092 sicut
743 2050 832 2111 supra
853 2032 1022 2108 docuimus,
1045 2033 1197 2113 Epami-4

94 2116 226 2190 nondas,
248 2116 345 2194 quoad
366 2132 435 2175 cum
458 2115 569 2176 civibus
589 2115 760 2177 dimicatum
775 2126 834 2190 est,
857 2116 935 2176 domi
959 2118 1077 2197 quietus
1097 2118 1163 2179 luit.

93 2201 196 2279 ltaque
216 2201 289 2260 haec
310 2199 499 2261 liberatarum
514 2200 682 2261 Thebarum
703 2202 824 2280 propria
845 2201 909 2262 laus
931 2210 975 2263 est
989 2201 1163 2282 Pelopidae;

164 2348 224 2383 eum
250 2333 360 2382 canibus
386 2334 515 2383 venaticis
542 2335 669 2383 coierunt
690 2332 734 2383 hat
757 2331 844 2398 Nepos
865 2333 891 2382 in
915 2331 961 2382 der
983 2332 1103 2399 llleinnng
1121 2350 1165 2400 ge-

93 2400 235 2464 sclrrieben,
253 2400 311 2452 dass
329 2415 355 2450 er
372 2400 438 2452 oben
456 2399 497 2450 die
515 2400 603 2451 Worbe
620 2415 679 2450 mem
698 2403 815 2449 occurent
831 2399 902 2451 nicht
919 2404 1018 2466 gesetzl
1035 2401 1108 2453 habe.

163 2471 239 2518 retia.
275 2467 355 2518 Netze
376 2467 547 2534 gebrauchten
572 2466 613 2518 die
634 2468 710 2519 Alten
733 2466 796 2518 auch
821 2467 861 2519 bei
888 2467 933 2519 der
954 2467 1021 2534 Jagd
1044 2469 1091 2519 auf
1105 2471 1165 2534 gril-

93 2550 177 2588 sseres
195 2533 277 2598 Wild,
295 2534 380 2586 indem
398 2535 435 2586 eie
458 2534 531 2586 einen
549 2534 640 2586 Berirh
657 2535 737 2586 demit
754 2534 914 2599 umstellten,
941 2535 993 2586 und
1016 2551 1092 2587 wenn
1111 2536 1164 2588 sich

92 2604 139 2656 das
157 2602 225 2654 Wild
244 2602 329 2654 hinein
346 2602 485 2667 verlaulen,
502 2601 544 2654 die
562 2602 641 2654 Netae
659 2602 798 2654 scblossen.

165 2676 281 2736 tenpore
303 2670 383 2722 heisst
406 2672 446 2722 ‘zu
463 2670 562 2721 rechten
584 2670 656 2730 Zeit’,
682 2676 800 2740 tmepore
824 2673 883 2736 ipso
901 2668 1003 2737 ‘gerade
1020 2685 1052 2720 zu
1069 2669 1169 2722 rechten

92 2739 165 2792 Zeit’.
201 2737 259 2802 Quo
283 2737 417 2803 i‘wohin‘)
440 2738 601 2788 studuerant
623 2737 713 2805 gehbrt
736 2754 768 2790 zu
787 2741 977 2806 peruenissent.
1013 2737 1038 2791 S.
1063 2753 1096 2790 au
1114 2754 1165 2805 quo

94 2806 219 2858 taedebat
233 2805 297 2858 lllilt.
318 2809 340 2871 1,
358 2808 383 2859 b.
400 2834 435 2844 -
453 2812 569 2873 tempus:
587 2805 633 2858 des
649 2804 725 2873 Tago.
1099 2829 1102 2833 ·

163 2869 190 2930 3.
210 2878 233 2925 1.
250 2877 399 2924 seiunctum
417 2876 449 2924 ab
467 2890 498 2923 re
511 2878 702 2940 prepositura!
718 2873 797 2926 ‘nicht
807 2889 865 2924 zum
876 2873 942 2925 vorti
976 2873 1059 2925 endan
1067 2873 1167 2940 Gegen-

94 2941 203 3007 stande'‚
220 2941 265 2992 der
281 2941 566 3008 Lebensbeschreibung
583 2941 629 2994 des
646 2940 791 3008 Pelopidas,
814 2941 931 3008 ‘gehbrt’.
988 2955 1015 2993 as
1037 2941 1167 3008 Folgende

94 3015 190 3063 constr.
209 3015 326 3075 quantoe
344 3009 494 3060 calamitati
509 3012 594 3060 nimio
611 3009 712 3071 fiducia
730 3026 784 3060 aare
801 3009 893 3060 soleat.

164 3080 188 3129 2.
208 3080 327 3143 aperiret
342 3077 393 3128 wie
411 3081 602 3143 concupiscant
616 3076 705 3128 Thrae.
723 3080 748 3140 4,
766 3079 790 3130 2.
807 3103 842 3115 -
860 3091 960 3138 rorum,
977 3075 1094 3136 exulum3
1112 3088 1167 3127 was

95 3161 124 3197 so
144 3145 205 3197 weit
222 3144 315 3196 vorher
332 3144 408 3210 stelit,
425 3145 485 3196 dass
503 3160 530 3196 es
548 3145 602 3196 hier
618 3144 707 3196 besser
723 3144 804 3196 selbst
821 3147 920 3210 gesetzt
937 3143 1013 3193 wire.

163 3216 235 3263 orbiti
251 3218 311 3264 erat
326 3211 586 3279 rignomehbrlau
604 3211 818 3264 subideose'wir
834 3211 975 3279 ‘gesiegelb
991 3210 1044 3262 wie
1060 3211 1165 3261 erwar’.

93 3308 128 3320 -
147 3296 259 3331 reuma.
294 3279 344 3332 llas
361 3279 542 3332 Gewbhnhche
559 3283 629 3332 wire
645 3283 738 3332 enias.

164 3350 189 3400 3.
209 3347 311 3412 Quoue
328 3350 548 3400 rebor-ooeoio
565 3349 621 3410 hle,
638 3347 761 3401 nachdem
786 3346 841 3399 dies
859 3343 1008 3407 vollbracht,
1035 3342 1081 3395 das
1097 3341 1166 3394 Volli

93 3442 128 3454 -
147 3415 253 3482 gerulen
270 3417 345 3477 πή
363 3415 412 3466 wir
428 3414 562 3467 ‘naclrdem
579 3416 633 3467 dies
650 3415 793 3468 vollbracht
811 3414 863 3466 und
880 3413 927 3464 das
943 3410 1018 3463 Vollr'
1042 3426 1067 3463 u.
1090 3426 1112 3463 s.
1131 3426 1164 3462 w.

93 3482 165 3534 Danu
184 3487 278 3536 constr.
297 3482 444 3534 nouaclum
463 3484 499 3546 (iit
518 3490 720 3549 concurrerunt,
739 3486 831 3549 quiin
849 3482 915 3531 urbe
933 3479 1076 3545 eranbmd
1087 3481 1167 3530 eliam

94 3552 215 3616 undique
232 3568 266 3602 ex
284 3556 369 3616 agris.
404 3551 467 3603 Zurn
484 3551 580 3604 letzten
598 3550 687 3602 Gliede
703 3561 774 3603 seme
795 3550 830 3601 ini
853 3548 997 3600 Deutschen
1021 3546 1067 3599 des
1088 3546 1167 3599 unbe-

94 3619 207 3673 stimmte
225 3619 319 3670 ‘Lente’
339 3619 423 3670 hinnu.
441 3648 475 3657 -
493 3620 629 3670 obsidione
646 3619 696 3670 wie
714 3617 831 3670 obsideri
847 3632 869 3668 c.
889 3620 912 3677 1,
930 3618 955 3668 3.

163 3683 192 3740 4.
213 3691 234 3738 l.
252 3702 344 3752 supra.
379 3687 426 3752 Ep.
453 3689 493 3748 10,
512 3690 535 3739 3.
554 3715 586 3724 -
604 3687 699 3751 Itaque
723 3702 748 3737 u.
767 3700 788 3737 s.
807 3700 840 3736 w.
864 3684 963 3736 Consti.
982 3684 1047 3733 boec
1071 3682 1166 3732 libero-

96 3759 185 3804 tarum
206 3755 354 3805 Thebarum
371 3758 485 3821 propria
503 3754 563 3805 laur
581 3760 620 3805 ert
635 3754 784 3819 Pelopidae.
810 3752 883 3804 Laus
900 3750 951 3803 wie
968 3749 1079 3801 Timoth.
1096 3752 1120 3810 2,
1140 3750 1164 3800 3.
1265 3766 1267 3771 ’

92 3819 163 3873 ‘Dies
181 3821 322 3874 Verdienst’
340 3851 375 3860 -
393 3822 434 3873 ‘ist
452 3821 493 3873 ein
511 3820 744 3888 cigenthirmlicbes’
762 3821 825 3872 oder
841 3822 928 3872 besser
943 3818 999 3870 ‘das
1015 3817 1167 3883 Eigenthnm
