2580 4372
125 167 166 228 46
507 174 558 225 llll.
576 175 772 228 ALCIBIADES.
791 180 814 229 6.

124 353 198 419 tore,
214 346 266 425 qui
281 347 359 425 apud
374 345 494 407 Samum
510 347 670 408 exercitum
684 347 819 423 habebat,
828 367 883 428 per
893 350 1094 411 internuntios
1106 351 1201 413 collo-

125 431 225 506 quitur
241 439 270 491 et
285 433 321 492 de
335 432 431 493 reditu
447 452 501 493 suo
516 433 585 494 lacit
598 434 790 494 mentionem.
816 435 891 494 Erat
913 435 991 495 enim
1006 437 1120 511 eodem,
1137 456 1200 516 quo

125 516 307 593 Alcibiades,
330 536 436 592 sensu,
457 518 563 597 populi
584 519 734 597 potentiae
756 539 817 580 non
839 521 950 580 amicus
965 529 995 581 et
1010 521 1199 600 optimatium

95 600 231 661 llautor.
282 602 325 663 Ab
355 603 413 663 hoc
445 603 601 664 destitutus
625 603 753 682 primum
782 624 837 684 per
865 605 1096 684 Thrasybulum,
1127 607 1201 688 Lyci

46 746 54 769 ,
124 686 233 763 filium,
256 688 291 747 ab
308 688 437 749 exercitu
462 688 606 767 recipitur
626 697 804 768 praetorque
819 691 852 750 fit
866 691 944 769 apud
966 691 1102 763 Samum;
1130 704 1202 772 post

127 772 304 852 suffragante
324 773 509 834 Theramene
531 774 635 853 populi
658 775 731 835 scito
753 775 919 836 restituitur
939 776 1064 855 parique
1090 777 1201 841 absens

126 857 250 938 imperio
265 859 433 936 praeficitur
449 858 536 920 simul
552 877 619 919 cum
634 859 816 939 Thrasybulo
833 869 862 920 et
876 861 1069 922 Theramene.

95 945 109 994 5
210 943 324 1004 Horum
346 944 377 1004 in
399 944 523 1022 imperio
538 951 618 1004 tanta
640 945 829 1005 commutatio
850 964 951 1006 rerum
981 946 1056 1007 facta
1080 955 1142 1021 est,
1167 959 1201 1010 ut

124 1027 357 1103 Lacedaemonii,
374 1029 425 1108 qui
439 1030 527 1108 paulo
543 1037 611 1090 ante
625 1029 750 1090 victores
758 1030 922 1107 viguerant,
934 1033 1083 1110 perterriti
1096 1052 1201 1112 pacem

124 1121 269 1191 peterent.
298 1114 373 1174 Victi
388 1114 467 1174 enim
489 1121 572 1175 erant
586 1115 718 1194 quinque
739 1115 861 1199 proeliis
874 1117 1080 1192 terrestribus,
1102 1118 1202 1180 trihus

125 1200 293 1282 navalibus,
315 1199 346 1260 in
368 1200 476 1277 quibus
499 1200 640 1261 ducentas
662 1219 749 1260 naves
770 1201 906 1262 triremes
928 1201 1100 1276 amiserant,
1123 1222 1201 1282 quae

93 1293 226 1367 deaptae
247 1286 278 1346 in
299 1284 429 1344 hostium
450 1293 592 1346 venerant
612 1293 795 1364 potestatem.
832 1286 997 1347 Alcibiades
1019 1288 1106 1347 simul
1130 1306 1201 1349 cum

126 1372 247 1451 collegis
262 1378 414 1448 receperat
428 1370 550 1444 leniam,
566 1369 800 1451 hellespontum,
816 1371 923 1433 multas
939 1380 1091 1450 practerea
1107 1373 1199 1436 urhes

126 1459 267 1536 Graecas,
291 1474 365 1534 quae
386 1454 416 1514 in
433 1474 483 1515 ora
499 1455 571 1516 sitae
587 1463 657 1516 sunt
671 1455 829 1530 Thraciae,
852 1476 976 1534 quarum
993 1468 1201 1536 expugnarant

125 1541 309 1620 complures,
332 1539 363 1599 in
385 1540 431 1599 his
446 1539 635 1618 Byzantium,
658 1559 756 1620 neque
771 1541 870 1601 minus
885 1542 991 1602 multas
1014 1542 1139 1604 consilio
1161 1544 1200 1604 ad

95 1635 109 1684 *1
125 1627 281 1691 amicitiam
297 1624 500 1700 adiunxerant,
517 1624 597 1703 quod
612 1625 643 1684 in
659 1634 759 1705 captos
776 1627 928 1688 clementia
943 1627 1061 1687 fuerant
1075 1628 1132 1688 usi.
1156 1629 1200 1690 lta

125 1715 234 1795 praeda
248 1711 356 1786 onusti,
371 1710 548 1789 locupletato
565 1711 705 1785 exercitu,
721 1711 853 1772 maximis
868 1713 957 1773 rebus
967 1713 1057 1790 gestis
1067 1713 1200 1774 Athenas

125 1805 282 1863 venerunt.

89 1883 107 1944 6
208 1883 261 1943 His
277 1899 345 1940 cum
368 1879 479 1939 obviarn
500 1879 637 1942 universa
659 1880 758 1941 civitas
780 1882 812 1942 in
826 1881 963 1942 Piraeum
986 1881 1199 1958 descendisset,

94 1983 110 2032 2
125 1977 205 2032 tanta
220 1966 277 2027 luit
291 1965 423 2025 omnium
435 1965 612 2042 exspectatio
622 1966 736 2026 visendi
751 1965 917 2042 Alcibiadis,
933 1975 967 2027 ut
981 1967 1016 2025 ad
1031 1966 1095 2026 eius
1111 1968 1199 2029 trire-

125 2073 204 2116 mem
218 2049 323 2130 vulgus
338 2049 510 2131 conflueret,
525 2050 651 2128 proinde
665 2070 699 2111 ac
714 2050 739 2110 si
754 2051 835 2111 solus
849 2051 1022 2112 advenisset,
1054 2052 1103 2112 Sic
1119 2052 1200 2112 enim

125 2139 237 2220 populo
254 2143 316 2197 erat
329 2153 512 2215 persuasum,
529 2142 562 2195 et
572 2136 707 2196 adversas
722 2135 892 2214 superiores
909 2144 937 2197 et
958 2146 1131 2215 praesentes
1152 2156 1199 2198 se·

126 2224 237 2285 cundas
258 2239 307 2281 res
329 2219 469 2280 accidisse
492 2219 556 2280 eius
578 2239 677 2300 opera.
714 2221 816 2299 ltaque
832 2229 861 2281 et
875 2221 992 2282 Siciliae
1008 2221 1148 2282 amissum
1171 2232 1200 2284 et

125 2305 426 2371 Lacedaemoniorum
440 2305 577 2367 'victorias
593 2306 697 2386 culpae
712 2325 782 2368 suae
803 2306 988 2381 tribuebant,
1011 2307 1090 2385 quod
1110 2307 1200 2368 talem

124 2396 220 2456 virum
235 2412 251 2454 e
267 2391 381 2453 civitate
397 2390 589 2470 expulissent.
618 2392 721 2471 Neque
736 2392 765 2453 id
781 2391 845 2453 sine
861 2411 948 2453 causa
969 2391 1103 2452 arbitrari
1118 2392 1199 2454 vide·

124 2544 273 2612 politischer
295 2541 415 2607 Ansicht,
439 2542 548 2594 sordem
572 2542 631 2593 weil
649 2541 693 2594 der
711 2542 837 2609 damalige
854 2543 949 2594 Fdhrer
967 2541 1011 2593 des
1028 2540 1123 2603 Volks,
1148 2543 1200 2593 An-

125 2612 237 2676 drokles,
255 2609 309 2662 sein
326 2610 404 2662 Feind
422 2626 483 2661 war.
510 2610 563 2661 Alc.
582 2611 662 2661 selbst
680 2615 739 2676 trag
757 2610 798 2661 die
815 2609 919 2674 Schuld,
937 2611 996 2661 dass
1013 2611 1057 2661 ibn
1075 2608 1200 2662 Pisander

96 2734 101 2744 ,
124 2683 159 2732 im
177 2679 249 2732 Stich
267 2679 335 2729 liess.
371 2678 454 2730 Ueber
470 2684 582 2743 praetor
600 2694 620 2729 s.
639 2693 670 2728 zu
687 2678 750 2728 Milt.
769 2682 794 2742 4,
812 2682 835 2730 4.

27 2748 32 2759 “
194 2749 285 2798 4411
305 2762 330 2796 v.
348 2745 393 2796 Ch.
411 2775 445 2782 -
461 2761 510 2810 per
534 2744 621 2796 ‘durch
639 2745 843 2812 Vermittelung’.
867 2774 901 2781 ›-
924 2747 1094 2810 suffragante
1116 2748 1199 2799 ‘unter

125 2814 271 2868 Mitwirlmn
293 2815 308 2863 ’.
1179 2848 1181 2851 ·

190 2887 256 2949 pori
274 2828 391 2945 {inperio
416 2879 451 2930 ist
468 2877 513 2929 der
533 2878 649 2931 Ablativ:
676 2880 731 2930 ‘mit
754 2881 867 2947 gleicher
890 2881 989 2933 Gewalt
1019 2881 1196 2949 (Besugniss)';

124 2950 287 3020 praeficitur
303 2949 369 2998 ‘zum
388 2945 570 2998 Befehlshaber
587 2947 720 3014 gemacht.

193 3018 274 3069 amul
290 3016 357 3080 hier,
378 3016 394 3079 ᾗ
413 3018 429 3069 6
446 3013 499 3066 und
516 3015 582 3068 o'lter
598 3018 771 3082 ‘zusammen',
794 3017 836 3068 ‘im
854 3015 964 3082 Verein',
988 3032 1042 3069 was
1061 3017 1106 3070 das
1124 3019 1198 3071 Wort

126 3089 221 3142 seltner
238 3084 387 3137 bezeichnet
404 3083 442 3134 als
461 3084 499 3133 ‘zu
518 3083 628 3149 gleicher
645 3084 715 3136 Zeit'.
1049 3133 1051 3136 ,

195 3160 218 3207 5.
237 3159 266 3204 in
284 3155 395 3218 imper-io
413 3150 544 3202 ‘wahrend
561 3152 606 3204 des
625 3150 806 3204 Oberhefehls’.
816 3182 849 3189 --
858 3155 971 3201 victores
990 3157 1134 3218 viguerant
1151 3155 1196 3206 ‘als

127 3226 216 3291 Sieger
234 3221 354 3290 gegliinzt
370 3219 474 3270 hatten’.

195 3297 218 3345 6.
245 3289 355 3342 concilio
381 3288 430 3338 wie
455 3285 543 3338 Them.
568 3291 598 3351 4,
622 3292 645 3340 5.
670 3316 703 3324 -
726 3286 762 3336 ad
785 3290 930 3355 amicitiam
948 3289 1133 3340 adiunxerant
1149 3290 1196 3340 ‘als

125 3361 240 3412 Freunde
258 3360 304 3410 mit
321 3356 370 3408 den
386 3355 516 3405 Athonem
534 3355 681 3407 verbunden
700 3355 804 3418 hatten',
829 3355 879 3406 wic
896 3353 938 3406 Ar.
957 3359 980 3421 2,
999 3361 1013 3409 3
1034 3357 1070 3406 ad
1086 3362 1195 3409 societa-

107 3417 178 3477 'tem
196 3445 223 3478 se
241 3428 387 3493 applicare.
422 3423 549 3474 Amicitia
567 3422 635 3474 kann
652 3423 678 3474 in
697 3423 741 3475 der
765 3421 861 3472 alteren
879 3423 991 3490 Sprache
1015 3441 1062 3475 nur
1084 3425 1125 3478 die
1147 3425 1196 3478 Ge-

127 3496 238 3561 sinnung
256 3494 308 3546 und
326 3492 371 3543 das
389 3489 561 3555 Verhailtuiss,
585 3491 655 3542 nicht
678 3491 719 3543 die
741 3491 925 3543 Gcsammtheit
947 3492 992 3543 der
1014 3493 1129 3546 Freunde
1152 3494 1195 3546 be·

127 3563 258 3616 zeichnen.
278 3591 309 3600 -
328 3564 351 3611 1.
370 3563 419 3611 408
437 3575 464 3610 v.
483 3558 527 3609 Ch.
629 3568 631 3583 ¹

194 3627 222 3687 6.
243 3634 265 3683 1.
284 3631 415 3679 Piraeum.
443 3626 468 3677 S.
487 3643 519 3677 zu
538 3626 625 3679 Them.
644 3631 669 3691 6,
688 3631 709 3679 1.
729 3656 762 3665 -
780 3633 942 3694 cospectatto
962 3627 1123 3693 ‘Ungeduld'.

194 3702 217 3751 2.
236 3698 280 3749 Sic
298 3701 358 3748 erat
373 3712 529 3760 persuasum
538 3697 600 3747 ‘war
617 3695 700 3746 daron
720 3696 865 3762 iberzeugt’
875 3696 936 3747 oder
954 3694 1090 3761 ‘hegtedie
1102 3697 1196 3749 Ueber-

126 3769 259 3834 zeugung'.
329 3780 411 3830 opera
429 3764 478 3815 wie
497 3768 561 3828 4,1.
582 3794 613 3802 -
632 3767 744 3814 amissus
762 3763 867 3829 kommt,
886 3765 935 3815 wie
957 3763 1071 3815 mehrere
1090 3765 1195 3817 Verbal-

126 3836 293 3899 substantive,
311 3849 358 3884 nur
376 3832 429 3884 dies
448 3833 504 3884 eine
520 3831 571 3883 Mal
590 3848 644 3884 vor.
