2580 4372
128 195 166 255 12
519 201 536 252 1.
562 199 740 252 MILTIADES.
760 202 784 252 2.

126 381 260 433 testatem
276 372 409 449 redigere
424 371 509 432 veMet
524 373 756 446 Atheniensium,
772 372 860 450 idque
874 371 989 433 Lemnii
1011 390 1063 431 sua
1085 379 1192 449 sponte

89 466 103 514 5
126 458 266 530 facerent,
282 457 467 536 postulasset,
475 455 516 516 illi
531 457 687 518 irridentes
703 457 991 536 responderunttum
1006 456 1034 516 id
1051 476 1083 517 se
1098 459 1191 536 taetu-

126 561 186 615 ros,
210 561 277 603 cum
292 541 340 602 ille
356 542 442 602 domo
459 540 580 602 navibus
595 542 786 621 proficiscens
801 549 888 602 vento
911 541 1049 619 aquilone
1064 542 1192 601 venisset

126 626 280 688 Lemnum.
310 625 365 687 llic
380 626 459 687 enim
473 634 578 687 ventus
593 627 629 687 ab
652 626 903 706 septentrionibus
919 626 1017 686 oriens
1039 626 1192 687 adversum

95 718 208 773 otenet
228 712 350 773 Athenis
372 711 637 790 proficiscentibus
674 711 816 773 Miltiades
837 711 970 772 morandi
992 719 1109 790 tempus
1131 730 1192 771 non

126 797 237 858 babens
252 815 372 858 cursum
387 796 501 870 direxit,
517 815 576 874 quo
591 796 736 870 tendebat,
759 796 952 875 pervenitque
967 795 1192 857 Chersonesum.

93 890 113 950 2
126 882 169 942 lbi
185 882 265 943 brevi
279 888 413 961 tempore
427 880 618 942 barbarorum
628 881 721 960 copiis
736 878 874 955 disiectis,
889 888 949 941 tota
964 881 1094 959 regione,
1106 900 1194 959 quam

126 967 259 1046 petierat,
275 966 396 1046 potitus,
411 967 476 1026 loca
492 964 618 1027 castellis
632 966 736 1027 idonea
759 965 942 1048 communiit,
965 964 1193 1039 multitudinem,

128 1070 214 1130 qnam
230 1070 330 1112 secum
346 1051 476 1124 duxerat,
499 1051 529 1111 in
552 1051 629 1129 agris
651 1050 803 1111 coMooavit
817 1051 988 1129 crebrisque
1011 1050 1194 1112 excursioni-

96 1136 182 1197 2bus
203 1135 400 1216 locupletavit.
430 1136 533 1214 Neque
552 1136 652 1196 minus
673 1136 704 1196 in
721 1155 754 1196 ea
775 1155 807 1198 re
829 1135 985 1215 prudentia
1000 1154 1087 1214 quarn
1102 1135 1194 1196 felici-

126 1229 184 1282 tate
205 1222 322 1282 adiutus
344 1228 397 1282 est.
440 1220 513 1280 Nam
536 1239 603 1282 cum
623 1221 729 1282 virtute
751 1221 876 1282 militum
892 1221 1045 1282 devicisset
1065 1220 1194 1281 hostium

128 1307 284 1379 exercitus,
301 1324 414 1368 summa
436 1307 580 1384 aequitate
595 1324 644 1366 res
660 1305 812 1366 constituit
826 1315 913 1385 atque
928 1306 991 1385 ipso
1007 1305 1115 1366 ibidem
1133 1325 1194 1374 ma·

97 1400 112 1451 3
127 1409 199 1452 nere
215 1391 351 1452 decrevit.
376 1391 445 1450 Erat
460 1391 539 1451 eninr
554 1391 631 1450 inter
647 1409 697 1451 eos
709 1390 849 1468 dignitate
864 1391 954 1468 regia,
970 1391 1101 1469 quamvis
1114 1409 1195 1450 eare-

127 1475 176 1537 bat
197 1475 327 1548 nomine,
350 1494 446 1554 neque
468 1475 498 1535 id
512 1476 604 1554 magis
625 1475 751 1554 imperio
773 1494 860 1554 qnam
876 1475 985 1537 iustitia
1007 1484 1194 1537 consecutus.

126 1560 229 1639 Neque
252 1579 287 1620 eo
310 1560 400 1621 setius
416 1560 652 1635 Atheniensibus,
676 1560 816 1638 aquibus
839 1569 900 1622 erat
915 1561 1074 1640 profectus,
1101 1561 1195 1620 officia

127 1646 302 1724 praestabat.
333 1645 447 1716 Quibus
463 1645 551 1706 rebus
572 1645 667 1718 tiebat,
685 1655 793 1706 utnon
809 1646 908 1707 minus
924 1664 1026 1706 eorum
1046 1645 1196 1705 voluntate

126 1738 270 1810 perpetuo
293 1730 451 1809 imperium
473 1728 628 1805 obtineret,
652 1730 703 1809 qui
718 1730 868 1805 miserant,
883 1749 969 1810 quam
984 1731 1112 1804 illorum,
1129 1749 1196 1790 cum

97 1825 112 1876 4
127 1815 234 1895 quibus
250 1823 312 1875 erat
326 1816 488 1894 profectus.
506 1815 688 1876 Chersoneso
704 1816 754 1876 tali
775 1816 863 1876 modo
879 1817 1036 1877 constituta
1051 1814 1195 1876 Lemnum

128 1899 283 1961 revertitur
299 1908 377 1960 etex
393 1906 478 1978 pacto
495 1899 633 1978 postulat,
649 1907 682 1960 ut
697 1899 753 1959 sibi
775 1901 879 1961 urbem
894 1900 1019 1961 hadent.
1049 1899 1094 1958 llli
1117 1900 1196 1959 enim

127 1985 269 2057 dixerant,
293 2002 360 2045 cum
381 1991 469 2043 vento
491 1985 580 2045 borea
595 1984 681 2044 domo
704 1985 855 2062 protectus
878 2004 912 2045 eo
926 1983 1116 2064 pervenisset,
1133 2003 1198 2044 sese

51 2094 55 2107 =
98 2079 112 2130 5
128 2068 294 2130 dedituros:
311 2088 342 2130 se
357 2075 454 2129 autem
470 2068 589 2129 domum
606 2069 781 2130 Chersonesi
796 2069 912 2130 habere.
948 2070 1044 2142 Cares,
1066 2069 1196 2146 quitum

127 2153 273 2214 Lemnum
287 2153 466 2227 incolebant,
482 2153 535 2214 etsi
550 2162 667 2232 praeter
682 2154 853 2232 opinionem
868 2172 916 2215 res
932 2153 1084 2229 ceciderat,
1099 2161 1196 2214 tamen

130 2257 190 2299 non
206 2238 294 2311 dicto,
310 2238 361 2299 sed
376 2238 504 2299 secunda
518 2238 636 2298 fortuna
651 2238 882 2300 adversariorum
895 2240 970 2319 eapti
985 2238 1123 2300 resistere
1134 2239 1197 2298 ausi

129 2343 190 2384 non
199 2322 507 2401 suntatqueexinsula
514 2323 723 2401 demigrarunt.
739 2322 1197 2397 Parilelicitateceterasinsulas,

129 2427 203 2487 quae
220 2408 356 2488 Cyclades
367 2409 568 2484 nominantur,
590 2409 645 2469 sub
656 2409 880 2483 Atheniensium
891 2409 1003 2488 redegit
1014 2416 1196 2488 potestatem.

197 2541 276 2606 idque
286 2542 391 2592 Lemnii
398 2557 448 2592 sua
465 2548 558 2608 sponte
566 2542 694 2606 facereret,
703 2543 869 2607 postulasset.
889 2540 987 2592 Consti.
997 2547 1022 2590 et
1030 2541 1197 2606 postulasset,

128 2610 233 2660 Lmuute‘
249 2609 279 2658 td
294 2625 344 2660 sua
361 2615 455 2676 sponte
472 2610 599 2669 facerent.
634 2609 683 2660 Der
699 2609 784 2661 blosse
803 2609 953 2673 Conjunctiv
972 2607 1036 2660 nach
1051 2609 1197 2674 postulare,

128 2677 178 2729 wie
200 2676 265 2728 nach
289 2676 384 2728 andern
408 2677 508 2728 Verben
532 2675 662 2728 athnlieher
679 2675 844 2742 Bedeutung3
872 2676 931 2727 aber
952 2675 1066 2743 hiufiger
1084 2675 1154 2728 steht
1171 2691 1198 2727 er

128 2745 174 2795 mit
191 2750 228 2795 ut.
264 2744 357 2811 Zumpt
375 2745 391 2811 ξ
411 2747 468 2809 624,
485 2743 589 2810 Madvig
607 2747 622 2810 ἕ
641 2745 787 2809 372,Anm.
806 2747 830 2796 2.
849 2747 874 2796 4.
1189 2752 1191 2757 ’

197 2817 220 2866 5.
238 2811 487 2879 proficisceres,well
504 2811 558 2863 hier
575 2827 607 2863 sn
625 2812 674 2864 den
692 2827 788 2879 ganzen
800 2812 846 2863 We
882 2811 1198 2875 bisLemnus(‘tahrend’),

128 2885 207 2932 unten
218 2883 241 2944 2,
253 2879 423 2946 Aps-efectus,
432 2880 492 2931 weil
502 2895 549 2931 nur
558 2895 589 2931 an
599 2879 647 2931 den
657 2879 769 2932 Moment
779 2880 822 2932 der
830 2827 935 2930 Abreise
945 2877 1055 2946 gedacht
1065 2880 1106 2931 ist.
1125 2879 1198 2931 Auch

129 2947 220 3014 gehdrt
229 2947 283 2999 hier
292 2955 368 2998 vento
378 2948 503 3014 aquilone
512 2964 543 2999 zu
552 2952 673 3013 venisset,
684 2946 740 3000 dont
749 2953 826 2999 vento
837 2949 917 2998 borea
927 2963 958 2998 zu
967 2946 1119 3012 profectum
1138 2946 1197 3000 dass

129 3016 173 3068 der
181 3015 320 3068 Nordwind
330 3015 452 3068 wabrend
462 3015 505 3068 der
515 3031 612 3083 genuen
620 3015 697 3068 Fahrt
707 3017 781 3068 wehn
794 3015 880 3079 sollte,
895 3014 928 3066 ist
937 3014 1197 3067 selbstverstindlieh.

198 3084 337 3135 aduersum
359 3080 694 3152 ί(1111111131311111111116,
718 3083 767 3136 ‘die
791 3087 1032 3151 entgegengesetzte
1054 3082 1198 3150 Richtung'.

146 3206 148 3209 ,
197 3155 220 3206 6.
240 3168 291 3217 quo
311 3152 435 3202 trudebat
449 3151 522 3204 ‘nach
540 3153 637 3205 seinem
654 3152 739 3204 Ziele'.

197 3215 225 3276 2.
246 3223 267 3272 1.
287 3235 366 3286 quam
373 3223 491 3285 petierat
508 3221 581 3272 ‘nach
592 3219 636 3272 der
653 3236 680 3273 er
689 3233 851 3285 ausgezogen
862 3219 932 3270 war’.
941 3245 975 3256 -
985 3217 1099 3268 castellis
1109 3218 1199 3285 gehdrt

126 3306 158 3340 zu
177 3290 281 3340 idonea.
372 3335 380 3342 .

197 3360 220 3409 3.
248 3357 380 3421 dignitate
407 3354 546 3423 ‘Stellung’.
568 3383 601 3393 —
624 3360 745 3420 quamuis
766 3354 821 3406 hier
844 3353 896 3405 und
913 3353 965 3405 Att.
985 3356 1026 3417 20,
1045 3357 1057 3406 1
1076 3354 1123 3405 mit
1140 3352 1197 3404 dem

128 3423 251 3476 ludicativ
278 3423 317 3474 fiir
343 3439 519 3490 quamquam,
546 3423 596 3474 wie
621 3422 772 3490 umgelsehrt
789 3423 841 3473 Att.
862 3424 906 3483 13,
934 3425 949 3475 6
971 3436 1131 3486 quamquam
1153 3423 1199 3473 mit

129 3491 187 3545 dem
205 3491 356 3554 ConJunetiv
373 3491 413 3543 fur
431 3494 558 3557 quamuis,
577 3491 611 3542 ist
628 3505 710 3558 gegen
728 3489 776 3542 den
795 3494 871 3557 guteu
890 3488 1123 3556 Spraehgebrauch.

197 3562 309 3677 impgrio
327 3558 414 3610 ‘durch
433 3560 519 3612 seinen
538 3558 704 3624 OberbeleM',
727 3558 797 3610 seins
820 3556 937 3624 Stellung
959 3557 996 3608 als
1020 3555 1197 3608 OberbeleMs-

130 3627 214 3678 haber.
270 3641 316 3678 .c.
336 3630 358 3691 1,
378 3628 401 3679 3.

197 3698 221 3747 4.
239 3711 294 3745 sese
318 3693 463 3746 dedituros.
497 3695 546 3746 Der
572 3693 819 3758 Subjectsaccusativ
844 3693 879 3746 ist
901 3691 1071 3758 ausgelassen.
1106 3692 1198 3758 Zumpt

131 3762 147 3829 ξ
166 3765 224 3826 605,
241 3761 345 3828 Madvig
360 3762 376 3829 ᾖ
392 3765 530 3815 401.-se
539 3763 778 3814 autern-babere.
803 3760 888 3813 Oratio
898 3759 1000 3826 obliqua
1009 3758 1054 3811 des
1062 3759 1196 3811 Miltiades.

198 3836 221 3884 5.
239 3830 458 3881 adversariorum
475 3828 565 3897 gehbrt
583 3829 647 3881 anch
665 3845 697 3880 zu
715 3829 795 3882 dieto.
814 3857 846 3868 -
865 3832 939 3894 eapti
954 3827 989 3878 ‘in
1007 3826 1048 3879 die
1064 3828 1135 3894 Enge
1153 3843 1197 3894 ge-

130 3897 244 3963 trieben’,
263 3897 396 3966 ‘belsngen
414 3897 545 3965 gemacht’.
562 3927 596 3934 -
614 3897 875 3964 Part-potestatem
892 3896 926 3947 ist
942 3895 1077 3962 unriehtig.
