2580 4372
139 182 179 245 38
472 235 476 245 ,
534 188 575 239 Vl.
593 187 769 239 LYsaunna.
791 192 812 240 l.

67 415 69 419 ,
137 361 275 422 vicesimo
290 378 368 420 auno
383 359 494 419 bellum
509 368 644 438 gerentes
658 360 821 420 confecisse
835 370 966 440 apparet,
982 376 1089 435 neque,
1105 357 1135 417 id
1152 377 1212 436 qua

108 457 123 506 2
139 447 252 506 ratione
268 452 445 504 consecutus
460 443 507 518 sit,
522 444 599 505 latet.
629 445 695 504 Non
712 445 789 505 enim
805 446 911 506 virtute
926 445 972 505 sui
987 444 1142 516 exercitae,
1159 444 1213 504 sed

140 530 324 592 immodestia
338 530 448 590 lactum
463 538 507 590 est
521 530 763 603 adversariorum,
779 531 839 608 qui,
863 530 943 609 quod
958 529 1035 590 dicto
1057 527 1212 589 audientes

138 615 366 695 imperatoribus
381 615 443 675 suis
458 634 519 674 non
536 623 633 686 eraut,
657 615 791 694 dispalati
805 616 836 675 in
851 616 929 692 agris
950 614 1061 674 relictis
1077 613 1212 690 3331333,

139 702 171 762 13
186 701 315 760 hostium
329 707 476 761 venerunt
496 708 681 779 potestatem.
711 700 776 771 Quo
798 700 874 761 lacto
890 699 1084 760 Athenienses
1105 718 1137 758 se
1154 698 1211 760 La-

110 797 125 846 3
140 785 336 847 cedaemoniis
351 785 534 845 dediderunt.
559 784 620 845 Hac
635 785 756 846 victoria
765 785 915 864 Lysander
927 785 1030 859 elatus,
1046 803 1114 844 cnm
1126 792 1213 844 antea

139 889 257 950 semper
271 869 410 930 factiosus
425 869 580 948 audaxque
594 871 706 943 luisset,
719 870 761 930 sic
777 870 832 930 sihi
844 870 976 943 indulsit,
993 879 1026 930 ut
1041 870 1104 929 eius
1120 887 1213 949 opera

108 957 169 1017 tin
192 955 350 1016 maximum
372 955 471 1015 odium
495 953 632 1016 Graeciae
653 955 875 1016 Lacedaemonii
897 955 1094 1034 pervenerint.
1137 954 1214 1015 Nam

141 1060 207 1102 cum
231 1041 307 1101 hanc
330 1058 446 1100 causam
461 1041 684 1101 Lacedaemonii
707 1040 890 1100 dictitassent
911 1040 966 1100 sihi
990 1058 1054 1100 esse
1075 1039 1155 1113 belli,
1179 1047 1213 1100 ut

140 1125 364 1188 Atheniensium
374 1126 567 1205 impotentem
583 1126 813 1186 dominationem
828 1126 1035 1203 refringerent,
1052 1133 1212 1204 postquam

53 1212 55 1217 ’
139 1212 217 1291 apud
239 1211 335 1288 Aegos
356 1211 466 1271 flumen
489 1211 638 1290 Lysander
661 1211 762 1271 classis
783 1211 912 1271 hostium
935 1218 979 1272 331
993 1211 1114 1289 potitus,
1137 1210 1215 1270 nihil

141 1296 219 1355 aliud
240 1295 361 1355 molitus
377 1303 438 1369 331,
461 1314 548 1373 quam
571 1304 605 1355 ut
619 1314 722 1356 omnes
738 1295 867 1357 civitates
882 1296 913 1355 in
929 1314 981 1355 sua
997 1302 1110 1355 teneret
1126 1290 1229 1373 pote?

109 1393 125 1441 5
140 1389 223 1456 state,
240 1398 307 1441 cum
323 1380 352 1440 id
367 1399 399 1440 33
413 1379 712 1441 Lacedaemoniorum
727 1399 814 1440 causa
829 1382 925 1442 lacere
940 1380 1100 1441 simularet.
1123 1380 1214 1441 Nam-

141 1484 198 1544 que
213 1465 354 1543 uudique,
372 1465 422 1543 qui
434 1464 658 1526 Atheniensium
672 1465 761 1525 rebus
777 1466 968 1542 studuissent,
985 1465 1094 1540 eiectis,
1111 1466 1214 1526 decem

140 1550 288 1628 delegerat
301 1551 332 1610 in
349 1568 526 1630 unaquaque
542 1550 665 1624 civitate,
681 1551 789 1628 quihus
800 1570 946 1612 summum
958 1551 1114 1630 imperium
1128 1558 1215 1629 pote-

139 1642 301 1714 statemque
325 1634 458 1696 omnium
480 1653 579 1697 rerum
603 1636 807 1697 committeret.
851 1636 965 1696 Horum
995 1636 1025 1695 in
1054 1653 1214 1696 nnmerum

139 1740 227 1782 nemo
243 1719 458 1795 admittebatur,
474 1720 532 1781 nisi
547 1721 599 1800 qui
614 1729 664 1782 aut
679 1722 743 1782 eins
757 1722 886 1801 hospitio
898 1720 1103 1782 contineretur
1118 1728 1170 1781 aut
1181 1739 1213 1782 se

141 1805 220 1867 illius
235 1807 300 1866 lore
314 1806 470 1886 proprium
483 1806 541 1866 lide
556 1808 752 1867 confirmarat.

212 2005 370 2071 confecisse,
393 2007 468 2057 niml.
494 2021 552 2057 eum
576 2006 761 2074 (Lysandrum).
795 2006 845 2058 llos
863 2005 993 2072 Folgende
1016 2009 1109 2057 constr.
1128 2021 1215 2071 neque

141 2075 216 2137 latet,
235 2091 287 2139 qaa
306 2078 411 2125 rotiana
434 2075 465 2125 id
488 2080 643 2125 3333333133
659 2079 702 2126 sit.
737 2074 791 2125 Wir
808 2076 844 2126 ‘es
867 2074 901 2125 ist
918 2074 979 2125 aber
997 2074 1061 2124 auch
1080 2072 1149 2125 nicht
1167 2089 1213 2125 un·

138 2142 270 2194 hekanut'.
306 2141 365 2209 Vgl.
383 2141 471 2193 Thera.
492 2146 533 2207 10,
551 2146 575 2196 4.
930 2195 933 2211 ,

209 2213 232 2262 2.
250 2213 294 2260 331
311 2225 402 2276 wegen
420 2209 465 2263 des
483 2209 653 2277 Gegensatzes
670 2225 702 2260 zu
720 2208 944 2261 adversariarum.
974 2208 1000 2260 S.
1019 2207 1149 2275 Madvig§
1163 2210 1213 2261 400

140 2280 214 2330 Anm.
249 2278 332 2329 Ueber
349 2278 389 2330 die
408 2277 489 2330 Sache
506 2279 559 2345 vgl.
578 2279 631 2329 Alo.
650 2280 675 2343 8,
692 2292 793 2330 woraus
811 2278 866 2330 sich
884 2277 975 2344 ergiht,
993 2276 1051 2328 dass
1068 2276 1213 2343 Lysanders

140 2345 260 2413 lilugheit
287 2346 358 2398 nicht
384 2345 450 2399 ohne
472 2346 575 2399 Antheil
600 2361 640 2397 am
664 2346 740 2412 Siege
763 2361 830 2412 war,
849 2347 899 2398 wie
923 2346 990 2397 denn
1008 2345 1151 2412 iiberhaupt
1168 2343 1214 2396 das

140 2415 292 2481 allgemeine
315 2414 413 2468 Urtheil
444 2415 489 2468 des
507 2415 537 2467 N.
567 2432 598 2467 zu
630 2414 731 2480 Anfang
755 2414 837 2468 dieser
859 2413 1145 2479 Lebensheschreibung
1168 2427 1216 2464 un-

159 2483 245 2534 erecht
262 2484 304 2535 ist.

141 2499 158 2549 g
209 2551 375 2601 immodestia
394 2550 745 2617 ίΖ331ι1133131ι311’.--311313
762 2550 888 2614 (Ablativz
907 2548 1025 2599 ι3313133
1043 2547 1132 2600 Belehl
1151 2548 1212 2609 hin')

142 2618 253 2669 audiam
277 2619 321 2669 hat
345 2618 398 2670 sich
422 2619 456 2668 im
483 2617 614 2669 Gebrauch
637 2634 669 2669 zu
693 2616 737 2668 der
760 2618 861 2669 3133333
884 2616 1037 2683 Bedeutuug
1063 2617 1213 2683 ‘gehorsam'

140 2686 172 2736 ab
193 2686 330 2738 eseldillen.

174 2701 191 2752 g
212 2755 345 2821 disputari
361 2752 395 2804 ist
413 2752 609 2804 alterthrimlich.
626 2779 660 2789 —
678 2752 779 2802 relictis
795 2754 908 2803 navitus
926 2751 1014 2818 gehdrt
1032 2768 1064 2802 zu
1076 2753 1213 2818 dispalati.

140 2851 176 2860 -
196 2821 466 2880 Qua-dediderant.
492 2823 585 2872 ldlv.
604 2818 699 2871 cn-
718 2819 865 2883 03313313
884 2820 1068 2884 31313332,
1087 2824 1111 2872 6.

211 2893 235 2942 3.
262 2896 349 2941 autea.
393 2889 448 2939 Wir
474 2888 563 2939 ‘sehon
590 2887 698 2939 vorher’.
721 2916 755 2926 -
777 2889 870 2940 audam
895 2888 931 2938 im
975 2888 1108 2940 olitischen
1137 2885 1216 2940 Sinna

143 2957 224 3009 heisst
242 2957 294 3022 der,
313 2957 423 3010 welcher
440 2955 515 3007 keiue
533 2955 616 3008 Scheu
634 2971 681 3006 vor
697 2955 788 3008 Gesetz
812 2956 864 3007 und
882 2905 1014 3021 Obrigheit
1036 2956 1094 3008 hat:
1119 2957 1214 3008 ‘irech’.

142 3055 177 3064 -
193 3027 246 3076 3111
262 3026 404 3091 indulgere
421 3023 485 3076 ‘sich
503 3024 571 3090 gehn
590 3024 692 3076 lassen’.
713 3054 745 3063 -
763 3040 846 3090 apat-a
863 3021 985 3076 ‘Schuld'.

211 3098 234 3145 4.
253 3097 383 3159 impotem
400 3091 572 3156 3313310033,
589 3107 643 3143 wer
658 3093 714 3145 sich
731 3092 802 3143 nieht
818 3092 987 3144 beherrsohen
1005 3090 1088 3156 kann,
1110 3093 1215 3143 ‘maass-

142 3164 199 3216 los'.
216 3191 250 3199 —-
267 3168 408 3227 postquam
427 3177 450 3212 u.
469 3176 489 3212 3.
507 3176 541 3211 ιν.
561 3160 652 3226 gehdrt
670 3177 726 3212 zum
744 3159 877 3213 Nachsatz.

213 3232 300 3295 Aegas
317 3231 424 3292 (lumem.
460 3227 486 3280 S.
513 3227 562 3278 den
584 3227 669 3280 lndex.
696 3259 724 3266 -
752 3230 851 3282 3133313.
887 3229 936 3280 Iler
952 3226 1053 3278 Genitiv
1072 3227 1114 3280 331
1130 3231 1215 3293 patiri

139 3295 732 3430 meseth’'addila''olllhhlghasshhhglugeitihn).
755 3365 851 3426 eiectis,
874 3363 1133 3439 331-3133άαὶ33331.
1168 3361 1217 3413 Der

144 3434 300 3498 Coniunctiv
318 3434 368 3485 wie
386 3431 612 3483 credereturhlilt.
631 3435 655 3496 3,
665 3436 688 3485 2.
718 3428 831 3483 Stadara
839 3432 918 3481 raam
927 3432 1042 3482 aliaaiaa
1051 3431 1099 3480 ‘lur
1107 3427 1214 3481 demand

144 3501 230 3554 Partei
248 3501 390 3568 ergreiien'.
407 3529 440 3538 —
459 3500 555 3551 dacem
581 3500 607 3553 S.
625 3517 658 3552 zu
676 3501 763 3553 Them.
784 3501 823 3563 10,
842 3502 866 3551 3.
889 3527 923 3537 —
950 3502 1131 3550 committeret.
1168 3496 1216 3549 Der

145 3570 217 3634 (lonj.
234 3570 285 3620 wie
302 3568 390 3622 Them.
409 3571 433 3634 0,
451 3569 467 3620 2
485 3574 622 3634 negarant.

197 3641 253 3689 aias
273 3639 388 3703 hospitia
407 3630 1143 3699 333333313333331333033033330333311133301131
1167 3631 1216 3683 Iter

146 3705 298 3770 Conjunctiv
315 3706 365 3757 wie
383 3705 564 3768 aledramni,-
582 3706 616 3755 im
634 3701 797 3756 andemSatz
816 3701 1011 3770 (confirmarat)
1030 3701 1065 3752 ist
1075 3700 1120 3751 das
1130 3699 1216 3752 313333

144 3773 249 3826 Factum
268 3772 802 3840 3333333333-1111331333333331333
826 3771 887 3821 ‘ihm
911 3785 974 3836 ganz
999 3784 1043 3820 zur
1068 3768 1217 3834 Verldgung

134 3843 234 3906 ,slehen
252 3842 354 3894 werde'.
372 3871 404 3880 —
422 3841 475 3904 fida
492 3840 608 3894 ‘eidlich’.
