2580 4372
381 176 409 227 V.
429 175 535 228 GllllON.
553 180 576 229 4.
605 177 644 227 Vl.
662 176 840 232 LYSANDER.
860 182 880 232 l.
1118 175 1160 234 37

176 347 264 408 Hunc
279 348 474 408 Athenienses
497 367 557 408 non
579 349 674 409 solum
696 351 726 410 in
742 350 836 423 hello,
859 351 910 412 sed
933 351 1018 412 etiam
1035 351 1065 411 in
1088 357 1194 430 pacc4

91 434 141 494 diu
152 433 399 494 desideraverunt.
421 432 490 493 Fuit
501 433 580 493 enim
591 443 671 495 tanta
681 435 862 510 liberalitate,
874 454 941 496 cum
958 435 1161 515 compluribus

90 518 164 579 locis
179 518 298 597 praedia
312 518 475 596 hortosque
497 518 632 593 haberet,
656 528 689 580 ut
709 540 868 600 numquam
891 521 922 581 in
945 521 987 581 eis
1010 522 1162 583 custodem

92 603 267 682 imposuerit
294 604 409 663 fructus
430 603 563 663 servandi
586 604 686 686 gratia,
709 625 746 666 ne
774 607 840 685 quis
866 606 1073 685 impediretur,
1100 624 1161 685 quo

92 689 191 748 minus
207 688 270 748 eius
284 688 383 760 rehus,
399 688 507 766 quihus
522 689 648 767 quisque
662 689 757 764 vellet,
773 692 931 752 frueretur.
955 691 1078 769 Semper
1094 695 1193 751 eum2

92 774 261 853 pedissequi
284 792 351 833 cum
374 774 503 833 nummis
524 781 596 835 sunt
610 775 713 850 secuti,
734 784 777 850 ut,
801 777 826 837 si
842 776 909 854 quis
925 776 990 854 opis
1006 778 1069 836 eins
1085 776 1162 836 indi-

93 867 186 938 geret,
200 859 330 931 haheret,
346 858 426 935 quod
440 859 536 918 statim
551 860 641 934 daret,
658 880 695 921 ne
710 860 872 923 differendo
882 862 1030 921 videretur
1044 879 1162 938 negare.

94 944 197 1023 Saepe,
213 963 281 1004 cum
295 943 423 1022 aliquem
438 944 585 1005 offensum
600 945 720 1005 fortuito
735 946 845 1007 videret
860 947 957 1007 minus
978 945 1054 1006 hene
1074 947 1164 1007 vesti-

93 1040 166 1101 tum,
189 1047 276 1089 suum
298 1030 456 1089 amiculum
485 1030 572 1090 dedit.
618 1029 729 1092 Cotidie
751 1031 888 1092 siccana
917 1031 944 1092 ei
973 1032 1194 1109 coquebatur,3

93 1123 135 1187 ut,
152 1133 228 1192 quos
243 1115 391 1174 invocatos
406 1114 525 1174 vidisset
540 1115 570 1174 in
586 1116 661 1189 loro,
678 1117 774 1177 omnis
789 1117 957 1190 devocaret3
973 1116 1052 1194 quod
1068 1117 1164 1178 iacere

92 1200 177 1260 nullo
201 1200 247 1260 die
269 1200 527 1278 praetermittebat.
571 1200 650 1260 Nulli
672 1202 744 1262 fides
767 1202 840 1274 eius,
863 1202 938 1262 nulli
960 1219 1059 1281 opera,
1088 1201 1164 1262 nulli
1218 1207 1220 1212 ’

92 1303 141 1345 res
163 1283 313 1345 lamiliaris
337 1285 444 1358 defuit3
468 1285 576 1345 multos
599 1286 804 1366 locupletavit;
828 1287 996 1367 complures
1017 1305 1164 1366 pauperes

92 1377 236 1442 mortuos,
253 1369 304 1449 qui
320 1370 398 1430 unde
414 1370 598 1444 efferrentur,
614 1390 676 1431 non
691 1372 890 1452 reliquissent,
906 1391 960 1432 suo
977 1379 1097 1449 sumptu
1114 1390 1164 1432 ex·

93 1454 169 1515 tulit.
200 1455 250 1514 Sic
265 1474 296 1515 se
312 1456 452 1532 gerendo,
468 1455 589 1517 minime
604 1465 649 1517 est
662 1457 845 1531 mirandum,
868 1458 893 1517 si
909 1467 937 1518 et
950 1458 1008 1517 vita
1025 1457 1088 1517 eius
1110 1456 1166 1516 luit
1179 1460 1195 1508 4

94 1559 197 1602 secura
213 1548 241 1600 et
255 1559 336 1600 mors
351 1540 465 1600 acerba.

489 1655 530 1708 Vl.
557 1655 773 1708 LYSANDER.

181 1743 331 1803 Lrsmnnn
366 1741 615 1803 Lacedaemonius
646 1761 781 1821 magnam
813 1743 933 1822 reliquit
970 1743 1016 1803 sui
1049 1743 1165 1818 samam,

94 1828 187 1906 magis
202 1828 339 1889 felicitate
354 1846 441 1906 quam
456 1827 563 1888 virtute
578 1835 701 1906 partam.
731 1828 921 1889 Atheniensis
937 1829 1016 1889 enim
1040 1837 1121 1889 sexto
1138 1835 1167 1888 et

163 1991 192 2050 4.
215 1999 236 2045 l.
256 1996 352 2047 Coustr.
372 2001 449 2045 tauta
468 1995 683 2060 liberalitatem,
701 2011 760 2046 eum
779 1996 1034 2061 compluribuslocis
1051 1997 1166 2062 praedio
1231 2010 1246 2019 ¹·
1269 2052 1272 2057 Δ

94 2065 238 2133 hortosque
257 2064 372 2123 haberet,
390 2079 535 2128 numquam
552 2079 577 2113 u.
596 2079 616 2115 s·
634 2079 666 2114 w.
702 2063 761 2130 Vgl.
779 2080 812 2115 zu
828 2063 891 2115 Mili.
911 2067 935 2129 6,
954 2067 977 2116 3.

162 2135 191 2181 iu
210 2134 247 2182 eis
265 2131 344 2196 hingt
361 2131 492 2182 nichtvon
509 2135 666 2196 imposuerit
683 2133 728 2182 ab:
747 2131 814 2184 darm
833 2133 929 2184 miisste
947 2132 992 2183 der
999 2132 1075 2184 Dativ
1084 2133 1166 2184 stehn.

93 2199 143 2251 Der
160 2199 294 2251 Ausdruck
317 2201 351 2251 ist
376 2199 513 2265 cigentlich
535 2198 720 2265 pleonastisoh:
745 2200 778 2251 ‘in
797 2200 935 2253 denselhen
958 2200 1167 2259 daniherseizte'3

94 2268 142 2319 wir
159 2270 214 2318 ‘zur
229 2268 346 2319 Aufsicht
364 2270 461 2319 setzte'.
479 2297 512 2304 -
529 2269 635 2328 fruetus
653 2269 765 2334 ‘Drtrag'.

165 2339 282 2401 quisque,
300 2335 339 2387 als
356 2351 433 2387 worm
450 2339 513 2387 stati
530 2351 563 2385 ue
582 2339 640 2400 quis
659 2340 721 2401 imp.
740 2352 791 2400 quo
814 2340 902 2386 miuus
919 2336 1058 2396 frueretur
1075 2335 1167 2386 stinde

95 2409 127 2454 ut
145 2405 265 2454 omuibus
283 2405 374 2454 liceret
391 2403 458 2466 frui,
476 2417 529 2454 was
548 2402 605 2453 dem
623 2403 761 2455 Godanken
779 2405 844 2454 nach
862 2403 978 2454 dasselhe
995 2403 1037 2455 ist.

166 2474 189 2522 2.
206 2472 356 2537 pedissequi
371 2472 518 2523 ‘Bediente’.
536 2500 570 2508 -
587 2472 717 2534 offeruum
734 2473 848 2532 fortuito
865 2471 922 2522 ‘deu
940 2487 967 2522 er
984 2469 1088 2537 zulillig
1102 2470 1168 2522 irat.

94 2539 145 2591 Der
162 2540 234 2603 Conj.
252 2540 356 2590 uideret
371 2555 422 2591 von
440 2539 485 2590 der
502 2538 835 2606 wiederholteuHandlnng,
847 2555 887 2590 wo
906 2538 947 2590 die
964 2540 1053 2591 hesteo
1063 2539 1147 2590 Schril
1157 2568 1168 2576 -

96 2608 183 2660 stelles
201 2609 323 2660 meistens
341 2607 391 2660 den
408 2607 462 2659 lnd.
481 2613 576 2658 setzen.
612 2607 704 2675 Zumpt
723 2607 739 2673 ξ
758 2609 817 2671 569,
834 2606 937 2673 Madvig
955 2608 971 2671 ᾗ
991 2610 1047 2660 359.

166 2679 189 2729 3.
209 2681 345 2727 invocatos
362 2676 441 2727 ‘nicht
459 2674 624 2742 eingeladen'.
658 2675 706 2727 Der
723 2676 874 2739 Gonjuuctiv
892 2675 1001 2726 uidisset
1016 2675 1069 2726 und
1088 2678 1168 2726 unten

97 2745 274 2809 reliquissent,
293 2744 354 2796 weil
371 2744 412 2795 die
429 2743 633 2796 Besohaffenheit
651 2744 799 2796 bezeichnei
817 2743 888 2795 wird.
925 2743 950 2795 S.
969 2760 1000 2794 zu
1018 2743 1080 2795 Milt.
1100 2747 1124 2806 3,
1143 2747 1168 2794 2.

96 2813 253 2876 Deooeoret,
276 2828 335 2863 vom
354 2811 452 2864 Markte
470 2812 495 2862 in
519 2812 573 2863 sein
592 2812 670 2862 Haus:
695 2813 742 2863 wir
765 2812 867 2863 konnen
892 2827 939 2862 nur
960 2813 1109 2864 ubersetzen
1127 2813 1169 2861 ‘zu

97 2880 152 2932 sich
169 2880 230 2931 lud’.
267 2880 312 2931 Die
330 2881 411 2932 Snohe
434 2881 469 2932 ist
492 2880 660 2931 hhertriehen.
695 2881 784 2931 Cimon
801 2881 897 2946 speiste
915 2880 955 2931 die
973 2882 1066 2932 Armen
1085 2880 1168 2931 seinos

97 2947 189 3000 Demos
209 2951 246 3007 (er
263 2948 370 3015 gehdrte
387 2948 444 2999 dem
462 2947 606 2999 lindlichen
623 2947 715 2999 Demos
732 2948 843 2999 Lakiadii
861 2949 911 3011 an),
929 2948 969 2999 die
991 2949 1018 2998 in
1036 2947 1076 2999 die
1093 2947 1168 3000 Stadt

97 3015 197 3068 kamen.
231 3016 305 3067 Auch
321 3017 356 3067 im
374 3015 605 3081 Vorhergehenden
622 3016 655 3066 ist
673 3016 756 3083 cinige
773 3016 981 3083 Uehertreihung.

165 3085 231 3146 fides
248 3085 369 3149 ‘Schutz’,
384 3083 664 3150 opero‘lllitwirhung’.
691 3082 786 3144 Defuit
801 3085 941 3150 ‘versagte’.
960 3113 995 3122 -
1012 3084 1169 3145 undeeffer-

99 3158 194 3202 rantur
212 3152 262 3204 wie
280 3157 327 3218 qui
345 3153 488 3215 efferretur
505 3155 547 3202 Ar.
566 3154 590 3215 3,
607 3154 632 3203 2.

166 3223 190 3272 4.
210 3219 255 3271 Sic
273 3238 301 3270 se
321 3221 441 3284 geraudo
465 3224 528 3272 statt
552 3236 611 3270 oum
634 3222 673 3269 sie
696 3235 724 3268 sa
739 3225 846 3284 gereret
862 3218 961 3270 schrieh
980 3219 1074 3283 Nepos,
1092 3216 1124 3266 da
1143 3232 1170 3268 er

98 3288 206 3354 ausangs
224 3288 421 3355 beabsichtigte,
444 3289 469 3340 in
494 3287 552 3339 dem
573 3302 624 3339 von
646 3290 754 3337 minime
778 3286 817 3337 est
837 3288 990 3338 mirandum
1009 3284 1171 3351 ahhiugigen

98 3353 181 3420 Satze,
198 3357 350 3419 wozujene
374 3357 462 3408 Worte
483 3356 609 3422 gehdren,
628 3355 717 3406 Cimon
741 3370 797 3406 zum
820 3353 925 3418 Suhject
948 3370 979 3404 zu
1003 3353 1118 3405 machon.
1136 3381 1171 3390 -

99 3425 205 3489 acerba,
224 3423 272 3476 den
290 3425 430 3476 Athonem:
449 3424 576 3476 ‘Schmerz
594 3425 711 3490 erregte'.
844 3441 847 3447 ·

568 3491 708 3542 Lrsrunnn.

170 3557 194 3614 1.
217 3563 239 3612 l.
258 3563 358 3610 virtute
375 3559 429 3610 hier
447 3559 605 3611 ‘Verdieust'.
623 3589 657 3597 -
674 3564 750 3609 secto
778 3563 805 3608 et
831 3559 961 3622 vicesimo,
986 3556 1110 3609 vielmehr
1136 3557 1171 3606 im

100 3631 130 3680 tt
137 3633 203 3688 stou,
222 3628 254 3678 da
272 3627 317 3678 der
334 3628 562 3695 peloponnesisehe
575 3627 650 3693 llrieg
660 3629 706 3679 431
719 3643 743 3677 v.
754 3626 798 3677 Ch.
811 3625 910 3691 begann
922 3625 974 3675 und
984 3625 1032 3676 die.
1040 3625 1171 3676 Entschei·

100 3695 301 3762 dungsschlacht
317 3697 359 3747 bei
376 3696 577 3762 Aegospotamoi
595 3697 619 3759 (ξ
637 3696 663 3758 t)
681 3696 731 3747 405
750 3711 773 3745 v.
793 3693 837 3745 Ch.
856 3691 953 3744 vorfiel.
989 3693 1070 3744 Sessio
1089 3699 1114 3743 et
1131 3696 1171 3742 oi·
1221 3720 1222 3723 =

101 3769 278 3815 oesimoaaao
296 3765 392 3815 ballum
409 3768 530 3829 gerentes
548 3763 639 3829 gehirt
651 3777 808 3823 zusammem
827 3760 999 3813 derGedanke
1010 3761 1054 3839 icy:
1073 3760 1172 3812 welche

102 3834 133 3884 26
151 3832 229 3884 Jahre
249 3831 410 3884 Widerstand
428 3832 546 3898 geleistet
564 3831 660 3885 hatten.
1017 3846 1021 3855 ¹
