2580 4372
433 177 461 230 ll.
481 176 731 230 TllEllllS'l'OGLES.
750 180 774 230 3.
1100 175 1135 236 19

63 350 221 428 largitione
229 351 454 430 magistratuum
465 350 626 430 quotannis
637 349 782 425 interiret,
794 351 844 412 ille
854 352 1001 430 persuasit
1011 353 1133 431 populo,

18 502 23 508 ,
63 444 97 497 ut
112 454 145 496 ea
156 436 284 513 pecunia
299 435 401 498 classis
412 443 532 498 centum
543 435 660 496 navium
671 436 882 497 aedificaretur.
909 437 989 509 Quae
1001 437 1136 499 celeriter
1149 447 1165 498 3

64 520 167 582 effecta
188 522 318 600 primum
344 521 522 601 Corcyraeos
537 521 639 600 fregit,
661 520 767 581 deinde
787 521 949 582 maritimos
970 523 1134 600 praedones

64 608 263 668 consectando
278 624 359 668 mare
372 613 470 667 tutum
485 606 619 668 reddidit.
663 606 698 666 ln
719 624 778 684 quo
800 625 868 666 cum
890 606 995 667 divitiis
1010 609 1133 683 ornavit,

62 700 127 752 tum
150 691 236 752 etiam
252 691 447 770 peritissimos
460 691 530 753 belli
546 691 655 752 navalis
670 691 739 751 lecit
753 691 958 753 Athenienses.
992 692 1024 753 ld
1041 712 1135 772 quao-
1148 704 1166 754 4
1264 752 1268 757 .

62 785 110 838 tae
125 777 210 838 saluti
224 776 314 838 luerit
328 777 482 838 universae
497 776 650 849 Graeciae,
671 774 749 837 hello
771 777 922 855 cognitum
945 785 989 838 cst
1003 776 1133 839 Persico.

148 862 222 922 Nam
237 881 305 923 cum
320 861 431 923 Xerxes
447 870 476 924 et
495 863 568 923 mari
585 869 613 922 et
626 869 704 923 terra
718 860 829 922 bellum
844 862 997 924 universae
1011 863 1135 924 interret

64 948 201 1026 Europae
216 965 284 1008 cum
299 947 387 1008 tantis
403 947 506 1026 copiis,
518 955 642 1026 quantas
657 965 755 1025 neque
766 955 834 1008 ante
845 966 901 1008 nec
916 955 1018 1027 postea
1032 948 1135 1009 hahuit

64 1032 236 1112 quisquam:
262 1033 351 1093 huius
367 1031 446 1093 enim
464 1032 566 1093 classis
581 1031 660 1093 mille
682 1039 711 1092 et
725 1032 920 1093 ducentarum
935 1033 1053 1093 navium
1066 1033 1134 1094 lon·
1148 1042 1163 1093 5
1238 1042 1241 1049 '

63 1136 167 1198 garum
188 1118 260 1193 luit,
283 1136 372 1196 quam
394 1118 453 1178 duo
474 1117 553 1178 milia
574 1116 777 1178 onerariarum
798 1116 1012 1196 sequebantur3
1039 1125 1133 1179 terre·

62 1212 139 1264 strcs
153 1211 252 1263 autem
267 1202 414 1263 exercitus
436 1221 488 1263 occ
510 1203 653 1281 peditum,
676 1203 808 1281 equitum
823 1221 891 1264 cccc
906 1202 987 1264 milia
1001 1204 1132 1264 luerunt.

63 1288 154 1350 Cuius
170 1288 206 1348 de
221 1288 347 1348 adventu
363 1306 430 1348 cum
445 1289 521 1348 fama
535 1288 567 1348 in
583 1287 733 1348 Graeciam
749 1296 827 1349 esset
841 1287 951 1367 perlata
967 1295 996 1348 et
1009 1288 1134 1349 maxime
1148 1295 1163 1346 6

61 1373 260 1435 Athenienses
275 1372 335 1451 peti
358 1372 528 1434 dicerentur
547 1379 671 1452 propter
691 1391 822 1452 pugnam
836 1373 1057 1449 Marathoniam,
1078 1373 1134 1433 mi·

61 1465 167 1520 serunt
182 1457 313 1536 Delphos
329 1459 508 1531 consultum,
525 1458 665 1536 quidnam
680 1458 811 1518 lacerent
827 1458 966 1519 derebus
981 1458 1053 1520 suis.
1075 1458 1133 1520 De-

59 1542 255 1604 liberantibus
269 1542 372 1622 Pythia
387 1543 551 1622 respondit,
566 1551 599 1603 ut
620 1541 775 1604 moenibus
794 1543 900 1622 ligneis
921 1562 952 1604 se
972 1543 1133 1605 munirent.

60 1628 95 1690 ld
109 1646 270 1707 reponsum
287 1646 346 1706 quo
361 1628 479 1704 valeret,
504 1647 571 1688 cum
592 1628 776 1706 intellegeret
797 1647 901 1703 nemo,
923 1627 1134 1689 Themistocles
1149 1639 1163 1687 7

62 1713 210 1794 persuasit
232 1712 390 1773 consilium
406 1732 469 1773 esse
485 1712 641 1791 Apollinis,
657 1720 690 1772 ut
710 1712 741 1772 in
763 1731 851 1773 naves
873 1731 904 1772 se
925 1731 1038 1791 suaque
1060 1732 1132 1774 cou-

61 1799 190 1859 ferreut:
214 1817 282 1858 eum
298 1797 377 1858 enim
392 1817 409 1858 a
424 1798 479 1858 deo
495 1797 655 1877 significari
670 1815 788 1858 murum
802 1797 944 1876 ligneum.
981 1798 1045 1858 Tali
1061 1816 1132 1859 con·
1147 1808 1163 1859 8

61 1883 128 1946 silio
144 1883 268 1962 probato
289 1882 401 1944 addunt
421 1883 457 1944 ad
478 1882 647 1962 superiores
668 1883 789 1944 totidem
811 1901 900 1944 naves
914 1883 1050 1944 triremes
1065 1901 1133 1943 sua·
1198 1881 1201 1886 '

62 1988 121 2048 que
143 1966 259 2044 omnia,
281 1986 357 2046 quae
378 1969 489 2029 moveri
518 1975 669 2048 poterant,
698 1968 805 2046 partim
833 1968 995 2043 Salamina,
1026 1968 1133 2047 partim

60 2054 213 2114 Troezena
235 2053 406 2133 deportaut;
434 2071 533 2114 arcem
558 2052 760 2114 sacerdotibus
787 2053 950 2132 paucisque
972 2053 1133 2114 maioribus

60 2146 132 2200 natu
147 2156 181 2199 ac
196 2156 278 2199 sacra
292 2139 478 2217 procuranda
491 2139 621 2212 tradunt,
634 2137 781 2216 reliquum
797 2138 939 2218 oppidum
950 2139 1133 2218 relinquunt.

147 2221 242 2284 Huius
257 2222 414 2283 consilium
429 2224 580 2303 plerisque
596 2222 761 2284 civitatibus
775 2223 947 2302 displicebat
963 2231 991 2284 et
1007 2224 1037 2284 in
1052 2231 1131 2284 terra
1145 2226 1165 2287 3

62 2307 194 2369 dimicari
208 2308 301 2386 magis
316 2307 458 2386 placebat.
488 2310 590 2387 ltaque
605 2308 687 2368 missi
702 2317 773 2369 sunt
787 2309 893 2369 delecti
908 2327 976 2368 cum
990 2307 1132 2382 Leonida,

61 2393 362 2454 Lacedaemoniorum
376 2412 456 2472 rege,
478 2393 530 2472 qui
544 2392 777 2471 Thermophylas
799 2400 980 2471 occuparent
999 2392 1133 2470 longius-

129 2562 153 2612 2.
183 2561 329 2625 largitione
346 2564 566 2626 magistratuum,
587 2559 636 2610 wie
653 2558 716 2609 Mill.
735 2562 765 2625 6,
783 2562 799 2611 4
817 2558 972 2612 imthdmlich
994 2562 1056 2611 statt
1080 2560 1134 2610 lar-

58 2630 164 2707 gitione
188 2630 306 2694 publica.
341 2628 412 2680 Denu
436 2629 484 2680 das
502 2627 566 2680 Geld
591 2627 678 2679 wurde
705 2627 843 2694 gesetzlich
870 2636 944 2679 unter
971 2627 1011 2679 die
1038 2628 1135 2694 Burger

59 2695 204 2817 verthglll'n
222 2781 274 2830 qua
292 2764 417 2816 ‘Hierbei'.
433 2793 468 2802 -
485 2768 508 2816 4.
528 2764 594 2814 bello
613 2764 727 2825 Persica,
750 2763 808 2815 dem
825 2764 943 2828 aweiten,
969 2767 1019 2816 480
1045 2780 1070 2817 v.
1088 2762 1133 2817 Ch.

128 2831 199 2882 Nam
217 2847 277 2884 cum
295 2849 319 2884 u.
339 2849 358 2885 s,
377 2849 410 2883 w.
438 2832 602 2896 DisserSatz,
619 2831 698 2882 durch
717 2832 964 2897 §banterbrochem
981 2830 1046 2884 wird
1064 2830 1134 2883 nicht
1234 2870 1237 2877 .

59 2899 177 2964 heendet‚
201 2900 311 2952 sondem
339 2901 380 2952 die
397 2899 541 2966 hrodhlung
567 2901 583 2966 ξ
607 2902 622 2952 6
646 2900 672 2950 in
696 2899 803 2952 nudarer
822 2901 896 2952 Form
923 2900 1081 2966 lortgeflihrt.
1099 2929 1133 2936 -

60 2966 170 3020 Xerxes.
206 2967 231 3020 S.
250 2968 282 3020 dc
299 2984 352 3036 reg.
373 2972 396 3032 l,
414 2971 438 3021 3.

129 3039 152 3087 5.
171 3041 307 3087 accercitus
324 3036 507 3088 ‘Heerhaulen’.
528 3065 560 3072 -
580 3037 605 3087 6.
625 3034 755 3085 aduentus
772 3035 826 3086 hier
844 3033 1047 3086 ‘Heranrdclren’.

129 3104 301 3193 Athenienses
317 3109 373 3171 peti
389 3104 456 3156 ‘dass
475 3119 502 3156 es
520 3103 568 3154 deu
586 3102 715 3155 Athonem
733 3103 889 3169 gelte',·‘auf
903 3103 944 3154 die
960 3103 1072 3154 Athener
1089 3102 1132 3153 ab·

59 3170 248 3328 gesehhlghhlm
266 3241 493 3322 Marathoniam
511 3237 537 3290 S.
555 3237 619 3318 Milt.
638 3242 663 3318 4:
682 3242 705 3290 5.
730 3268 764 3275 —
788 3240 820 3289 da
843 3239 922 3289 redas
945 3241 1001 3288 saia
1024 3237 1059 3287 ‘in
1082 3235 1131 3286 Be·

58 3305 839 3440 Μ’4.11υἰὶεῗοοῖιιξξὶῗίὺῑξῖαέέιῑιύἒῖυᾚθ“(Ἦὲ1ἒεέ1ἒιιῖῑίιης’;
859 3389 880 3424 c.
891 3377 916 3439 4,
925 3376 941 3424 4
951 3371 1131 3424 ‘dieAbsieht'.

127 3460 187 3494 cam
206 3448 276 3496 anim
293 3461 318 3496 u.
337 3461 357 3497 s.
376 3462 408 3496 w.
443 3443 498 3494 Wir
515 3442 591 3496 ‘donn
609 3443 653 3494 das
671 3443 709 3495 sei
727 3443 766 3496 die
784 3442 903 3493 holzerne
919 3440 1015 3503 Mauor,
1032 3438 1131 3492 welche
1230 3487 1233 3494 .

55 3526 115 3563 vom
134 3511 195 3564 Gott
211 3513 360 3565 bezeichnet
376 3510 479 3564 werde’.
1229 3561 1234 3571 ,

126 3583 150 3633 8.
172 3579 233 3631 Tala·
249 3582 304 3634 hier
322 3579 373 3631 uod
390 3581 456 3630 Dion
475 3582 498 3644 8,
517 3583 540 3632 3.
576 3577 632 3629 Dat.
651 3581 675 3639 6,
695 3581 709 3630 8
726 3576 821 3628 breiter
837 3575 972 3628 Ausdruck
989 3579 1052 3627 statt
1070 3577 1128 3626 hoc.

125 3665 227 3714 suaque
245 3653 344 3713 amaia,
362 3665 431 3714 quaa
447 3650 549 3698 moueri
563 3651 693 3712 poteraut
709 3644 770 3695 ‘ihre
788 3642 1130 3712 ganzebeweglicheHahe'.

127 3733 215 3768 arcam
233 3718 267 3769 ist
283 3716 363 3769 durch
381 3716 464 3782 einige
481 3715 571 3767 Worte
588 3729 638 3765 von
657 3729 691 3764 ao
708 3728 788 3764 sacra
808 3713 983 3780 procuranda
1006 3713 1136 3779 getreont,

58 3785 138 3837 damit
156 3799 193 3850 es,
211 3785 254 3839 tim
280 3785 419 3852 Gegensatz
445 3799 476 3833 zu
503 3784 636 3849 reliquum
664 3781 801 3848 oppidum)
827 3780 899 3834 mehr
922 3779 1130 3846 hervorgehohen

90 3853 127 3905 rd.
147 3881 181 3892 -
197 3870 276 3905 saara
291 3851 494 3906 .‘Gottesdienst’.
906 3919 912 3934 ·

942 3951 975 4001 2*
