2580 4372
160 175 219 238 128
560 180 614 230 xx.
633 178 806 233 rmonnom
825 183 849 232 2.

158 353 243 431 regni
258 362 360 432 posset
375 371 450 427 esse,
466 360 581 413 tantum
596 353 669 413 afuit
684 372 700 413 a
714 352 853 414 societate
868 353 997 429 sceleris,
1015 362 1048 415 ut
1064 352 1240 415 antetulerit

160 439 267 499 civium
283 457 406 499 suorum
426 437 593 499 libertatem
613 437 712 499 lratris
733 438 820 499 saluti
843 446 871 498 et
886 457 990 519 parere
1013 439 1134 517 legibus
1151 457 1241 518 quam

129 525 306 601 4imperare
332 524 443 603 patriae
467 523 558 584 satius
590 523 713 584 duxerit.
755 522 817 583 Hac
843 533 943 586 mente
969 542 1024 606 per
1047 523 1241 603 haruspicem

42 610 46 621 “
160 626 408 689 communemque
419 609 548 684 affinem,
557 608 605 669 cni
616 626 703 668 soror
713 627 749 668 ex
761 608 870 669 eisdem
882 608 1055 688 parentibus
1066 617 1137 670 nata
1149 617 1242 689 nupta

161 700 232 770 erat,
248 695 369 757 fratrem
384 703 542 774 tyrannum
559 693 799 755 interficiundum
816 695 935 755 curavit.
980 693 1048 772 lpse
1071 713 1136 755 non
1151 694 1239 756 modo

160 797 265 841 manus
281 800 343 841 non
358 779 463 855 attulit,
479 779 531 839 sed
545 798 584 839 ne
599 780 731 858 aspicere
746 778 866 857 quidem
881 781 1045 840 fraternum
1060 780 1240 857 sanguinem

160 864 262 926 voluit.
292 866 365 925 Nam
381 863 451 925 dum
465 882 514 926 res
530 866 744 939 conficeretur,
767 863 872 942 procul
893 864 925 925 in
941 864 1089 942 praesidio
1104 864 1179 939 suit,
1203 884 1240 925 ne

130 960 144 1010 5
161 949 228 1028 quis
243 950 360 1011 satelles
369 958 470 1029 posset
479 968 663 1011 succurrere.
686 949 750 1009 Hoc
765 948 1034 1028 praeclarissimum
1049 950 1114 1011 eius
1131 951 1242 1011 lactum

161 1053 223 1095 non
238 1035 303 1114 pari
318 1034 406 1096 modo
421 1035 579 1114 probatum
594 1042 639 1096 est
653 1034 689 1095 ab
704 1035 852 1095 omnihus.
875 1033 1019 1095 Nonnulli
1034 1035 1115 1095 enim
1131 1035 1241 1096 laesam

162 1119 197 1180 ab
223 1139 257 1181 eo
283 1120 423 1200 pietatem
447 1120 589 1200 putabant
613 1127 642 1180 et
656 1119 770 1180 invidia
791 1120 908 1180 laudem
922 1119 1038 1181 virtutis
1053 1119 1240 1181 obterebant.

162 1203 256 1265 Mater
276 1224 345 1267 vero
367 1212 436 1284 post
456 1206 486 1266 id
506 1206 617 1266 lactum
639 1224 737 1284 neque
759 1205 879 1265 domum
900 1206 935 1266 ad
960 1224 991 1266 se
1012 1205 1108 1266 filium
1124 1205 1242 1266 admisit

162 1307 259 1369 neque
274 1290 395 1370 aspexit,
419 1291 491 1369 quin
507 1309 576 1351 eum
589 1289 768 1351 fratricidam
782 1289 966 1370 impiumque
978 1291 1145 1352 destestans
1158 1309 1240 1351 com-

131 1383 146 1432 6
160 1376 292 1453 pellaret.
324 1375 438 1446 Quibus
452 1375 542 1437 rebus
557 1376 605 1436 ille
621 1375 693 1435 adeo
709 1382 753 1435 est
768 1385 943 1451 commotus
960 1384 993 1438 ut
1010 1393 1240 1456 nonnumquam

161 1461 236 1521 vitae
249 1462 340 1521 finem
353 1462 451 1521 facere
471 1459 598 1521 voluerit
617 1469 705 1539 atque
727 1479 762 1521 ex
782 1460 964 1539 ingratorum
986 1459 1145 1522 hominum
1167 1480 1240 1522 oon·

163 1554 267 1624 spectu
281 1553 376 1606 morte
393 1545 544 1607 decedere.

130 1628 149 1688 2
247 1631 370 1692 Interim
384 1631 479 1692 Dione
494 1629 647 1712 Syracusis
669 1629 825 1689 interfecto
840 1629 999 1708 Dionysius
1021 1649 1129 1691 rursus
1152 1631 1241 1711 Syra-

162 1735 301 1777 cusarum
312 1715 425 1796 potitus
437 1724 490 1777 est.
514 1713 604 1776 Cuius
615 1713 771 1775 adversarii
784 1732 871 1792 opem
882 1734 899 1775 a
911 1715 1072 1777 Corinthiis
1087 1717 1242 1795 petierunt

162 1801 338 1879 ducemque,
362 1820 421 1880 quo
436 1802 467 1863 in
483 1801 561 1861 bello
575 1807 741 1875 uterentur,
763 1799 962 1877 postularunt.
1000 1799 1067 1860 Huc
1082 1799 1240 1862 Timoleon

132 1886 270 1947 amissus
286 1886 455 1947 incredibili
469 1886 607 1947 lelicitate
622 1884 798 1964 Dionysium
813 1891 874 1945 tota
888 1883 989 1946 Sicilia
1011 1885 1135 1965 depulit.
1168 1885 1241 1947 Cum

163 1970 330 2031 interficere
345 1978 456 2050 posset,
473 1970 578 2045 noluit,
594 1976 719 2047 tutoque
734 1977 767 2030 ut
783 1969 958 2030 Corinthum
972 1969 1154 2049 perveniret,
1170 1971 1240 2033 ene-

164 2055 213 2130 cit,
230 2055 310 2133 quod
325 2063 520 2134 utrorumque
535 2054 745 2133 Dionysiorum
762 2055 869 2132 opibus
885 2052 1030 2116 Corinthii
1045 2074 1135 2135 saepe
1150 2057 1241 2118 adiuti

163 2140 290 2214 lucrant,
314 2140 399 2200 ouius
422 2138 611 2219 benignitatis
633 2138 804 2200 memoriam
827 2139 941 2200 volebat
963 2149 1093 2218 exstare,
1114 2161 1239 2221 eamque

231 2276 334 2395 illle
351 2272 437 2392 brt
453 2273 629 2393 illidii
644 2275 677 2393 l'
697 2276 719 2324 ⁵·
738 2272 1151 2408 cttttbettbtttm
1178 2342 1228 2407 ap

162 2426 229 2462 aem.
253 2409 312 2461 Dies
330 2408 387 2461 sind
405 2409 471 2461 zwei
487 2380 626 2461 Personenl
654 2408 830 2475 Commorim,
846 2408 899 2460 ihm
908 2408 961 2461 und
976 2408 1035 2461 dem
1051 2408 1238 2478 Timophanes3

162 2478 256 2531 ebenso
275 2477 381 2542 eisdem,
399 2477 448 2528 wie
466 2492 493 2529 er
511 2478 562 2530 und
580 2478 635 2528 sein
646 2476 749 2528 Bruder.

231 2545 414 2608 conficeretur.
450 2544 499 2597 Der
516 2545 668 2609 Gonjunctiv
685 2545 727 2596 bei
744 2546 807 2595 dum
825 2545 880 2596 ‘bis’
899 2544 991 2595 drfickt
1007 2543 1049 2595 dic
1066 2544 1178 2598 absieht
1195 2546 1239 2600 des

162 2613 295 2666 Timoleon
320 2629 380 2678 aus,
406 2613 465 2665 dass
492 2612 533 2664 die
552 2613 619 2665 That
643 2616 716 2664 unter
733 2612 778 2664 der
795 2612 849 2664 Zeit
868 2612 1012 2664 vollbracht
1029 2612 1136 2666 werden
1154 2614 1238 2668 sollte.

161 2681 186 2733 S.
205 2681 298 2749 Zumpt
316 2682 331 2746 5
352 2685 409 2746 575,
427 2680 532 2747 Madvig
550 2681 565 2747 4
584 2684 642 2734 360.
671 2710 703 2718 -
731 2684 760 2731 in
782 2681 918 2746 praesidio
943 2680 998 2732 ‘auf
1019 2680 1103 2734 einem
1126 2681 1240 2749 Posten’‚

162 2764 205 2800 wo
222 2749 264 2799 die
282 2747 426 2800 Trabanten
444 2749 527 2814 lagen.

232 2820 256 2867 5.
280 2819 408 2881 pietatem
434 2816 485 2866 ‘die
511 2815 669 2867 brfiderliche
694 2815 787 2867 Liebe'.
823 2814 849 2867 S.
873 2832 905 2867 zu
927 2816 976 2882 Ag.
995 2819 1019 2883 4,
1037 2820 1061 2870 2.
1081 2847 1114 2856 -
1134 2820 1238 2871 invidia

164 2882 365 2950 ‘Gehassigkeit',
383 2884 523 2950 ‘Erregung
540 2898 592 2934 von
609 2883 689 2936 llass'.

163 3018 179 3071 d
225 2955 255 3072 ἓ.
273 2954 344 3003 vitae
361 2952 395 3005 ist
412 2952 477 3005 nach
494 2952 552 3005 dem
569 2953 701 3019 sonstigen
718 2951 850 3004 Gebrauch
868 2951 913 3004 des
922 2951 1008 3019 Nepos
1025 2951 1242 3009 wahrscheinlich

181 3035 208 3073 er
247 3021 334 3072 enitiv.

231 3084 260 3143 2.
280 3092 302 3140 1.
321 3087 348 3140 S.
365 3087 431 3140 Dion
451 3093 490 3153 10,
510 3092 536 3141 3.
559 3090 608 3141 Der
621 3090 731 3155 jungere
739 3087 836 3155 Dionys
853 3087 943 3139 kelnte
962 3091 1011 3142 346
1029 3087 1110 3140 v.Gh.
1128 3089 1241 3153 zurich

163 3156 309 3209 Timoleons
331 3156 386 3222 an
410 3156 475 3207 nach
497 3155 600 3208 Sicilien
627 3156 679 3208 und
698 3157 743 3209 des
767 3155 904 3223 Dionysius
922 3154 1094 3224 Vertreibung
1117 3173 1174 3212 war
1192 3163 1241 3213 344

162 3242 187 3278 v.
207 3225 252 3277 Ch.
272 3253 302 3262 -
317 3223 514 3290 Syracusanam
531 3229 689 3290 potitura-at.
718 3225 743 3277 S.
762 3224 862 3291 zuLys.
879 3227 902 3288 1,
919 3227 1240 3291 4.-quo—utercntw

163 3293 230 3346 ‘dem
247 3293 285 3346 sie
303 3291 390 3358 tolgan
407 3290 536 3344 honnten’.

112 3418 115 3423 ,
232 3364 255 3414 2.
276 3365 388 3440 tutoque
403 3376 427 3411 n.
446 3376 467 3412 s.
483 3375 517 3411 w.
535 3386 569 3406 =
588 3367 614 3411 et
630 3361 725 3424 effecit,
743 3367 775 3412 ut
792 3366 848 3411 tuto
860 3359 1016 3413 Corinthum
1032 3366 1241 3428 perueniret-

163 3428 539 3557 utrozippppefzpppearblapapp,
552 3431 606 3548 liier
623 3497 649 3547 in
667 3497 750 3549 seiner
768 3496 937 3563 cigentlichcn
947 3497 1100 3565 Bcdeutung
1117 3499 1158 3552 als
1167 3500 1242 3554 Plus·

164 3563 383 3630 quamperlectum
401 3565 446 3616 des
464 3564 606 3618 Zustandes
624 3565 721 3632 gelasst
733 3564 844 3616 werden.
880 3564 984 3633 Madvig
1002 3566 1018 3632 ξ
1042 3569 1102 3632 344,
1120 3568 1200 3621 dnm
1219 3572 1242 3622 1.

231 3638 339 3684 exstare
355 3633 505 3687 ‘fortleben’.
540 3633 573 3685 Er
590 3633 687 3696 wollte,
705 3633 764 3685 dass
782 3631 823 3684 die
840 3632 969 3685 dankbare
985 3633 1147 3703 Erinnerung
1171 3636 1244 3691 nicht

162 3700 374 3820 pretorbepltsein,
392 3701 501 3754 sondern
520 3701 599 3754 durch
616 3701 658 3754 die
674 3699 861 3769 Regnadigung
887 3701 932 3754 des
949 3701 1047 3770 Dionys
1070 3702 1137 3769 sich¹
1150 3703 1242 3759 betur·

174 3784 279 3820 rensc
312 3783 334 3820 e.

183 3784 200 3836 g
231 3837 497 3903 eamque-ducebat
513 3838 592 3906 bangt
610 3837 676 3890 noch
693 3853 744 3889 von
763 3838 835 3906 quod
851 3838 890 3889 ab.
