2580 4372
466 156 519 225 vu'
535 171 729 227 ructaremus,
748 179 772 226 a.
1112 170 1153 229 45

82 359 122 423 et,
139 349 167 409 id
184 350 263 429 quod
277 368 334 410 usu
349 357 477 422 venerat,
493 347 683 426 Eumolpidas
698 347 864 408 sacerdotes
878 364 895 405 a
904 345 1015 424 populo
1028 353 1155 423 coactos,

83 444 118 496 ut
133 454 164 496 se
180 436 364 511 devoverent,
381 436 504 513 eiusque
516 432 688 505 devotionis,
700 451 759 510 quo
771 431 907 492 testatior
916 441 994 491 esset
1004 431 1154 512 memoria,

82 520 250 600 exemplum
266 519 296 580 in
311 520 370 599 pila
385 520 498 599 lapidea
512 519 639 579 incisum
655 536 718 578 esse
733 516 864 596 positum
878 516 909 578 in
920 516 1050 594 publico,
1065 515 1155 576 lace·

82 607 255 666 daemonem
272 605 451 684 demigravit.

169 690 230 764 lbi,
252 701 285 750 ut
307 691 371 770 ipse
399 691 568 770 praedicare
583 697 755 765 consuerat,
777 705 838 747 non
861 687 1000 749 adversus
1022 689 1186 764 patriam,6
1233 700 1236 705 ·

83 777 136 838 sed
151 776 286 837 inimicos
302 794 373 836 suos
388 776 498 837 bellum
514 774 620 854 gessit,
642 776 722 851 quod
738 772 833 836 cidem
847 773 948 836 hostes
964 780 1063 835 essent
1085 774 1155 834 civi·
1267 776 1271 783 '

85 861 154 922 tati:
182 879 249 920 nam
271 880 338 922 cum
360 861 566 939 intellegerent
589 877 621 921 se
645 860 807 939 plurimum
832 859 973 936 prodesse
999 876 1087 936 posse
1112 860 1155 920 rei

84 945 229 1025 publicae,
246 965 281 1006 ex
297 966 330 1007 ea
340 947 461 1007 eiecisse
475 946 603 1025 plusque
613 946 673 1007 irae
689 965 759 1006 suae
774 962 862 1023 quam
877 944 994 1006 utilitati
1006 946 1156 1007 communi

84 1031 229 1112 paruisse.
258 1031 360 1110 ltaque
382 1032 471 1092 huius
493 1030 617 1092 oonsilio
642 1028 865 1092 Lacedaemonii
887 1048 954 1091 cum
975 1028 1066 1092 Perse
1087 1035 1185 1109 reget

82 1116 240 1178 amicitiam
254 1117 399 1191 fecerunt,
415 1118 482 1177 dein
494 1117 645 1178 Deceleam
661 1117 690 1177 in
707 1117 802 1177 Attica
810 1115 984 1176 munierunt
995 1117 1156 1193 praesidio-

82 1221 142 1282 que
157 1201 196 1261 ibi
212 1210 358 1281 perpetuo
369 1202 466 1281 posito
482 1195 512 1262 in
528 1202 681 1263 obsidione
693 1202 822 1262 Athenas
833 1207 1008 1274 tenuerunt3
1026 1201 1157 1263 ciusdem

83 1305 175 1366 opera
197 1286 310 1347 loniam
334 1306 350 1347 a
372 1287 510 1348 societate
536 1295 704 1348 averterunt
727 1285 965 1348 Atheniensium:
994 1304 1052 1365 quo
1078 1288 1156 1348 lacto

84 1373 179 1433 multo
196 1372 366 1450 superiores
380 1373 458 1433 bello
475 1391 539 1432 esse
555 1379 727 1450 coeperunt.

168 1455 272 1534 Neque
294 1476 363 1517 vcro
384 1459 430 1518 his
452 1457 541 1518 rebus
562 1465 621 1535 tarn
636 1457 722 1518 amici
737 1455 879 1517 Alcibiadi
896 1463 966 1517 sunt
985 1455 1054 1519 lacti
1069 1455 1187 1533 quam5

83 1542 191 1602 timore
207 1542 242 1602 ab
260 1561 294 1602 eo
310 1543 437 1604 alienati.
467 1543 539 1603 Nam
556 1561 622 1602 cum
645 1541 778 1603 acerrimi
794 1541 849 1602 viri
871 1549 1069 1621 praestantem
1083 1559 1156 1619 pru-

84 1626 213 1687 dentiam
228 1627 259 1687 in
275 1628 413 1688 omnibus
428 1628 516 1688 rebus
533 1635 756 1706 cognoscerent,
772 1629 1008 1705 pertimuerunt,
1026 1647 1064 1688 ne
1082 1625 1156 1688 cari·
1240 1656 1243 1665 ·

84 1719 144 1771 tate
158 1711 269 1790 patriae
285 1713 391 1774 ductus
406 1713 564 1791 aliquando
579 1713 615 1773 ab
637 1713 710 1791 ipsis
725 1713 901 1774 descisceret
923 1719 952 1772 et
967 1731 1033 1772 cum
1049 1712 1110 1772 suis
1124 1713 1157 1772 in

85 1796 206 1874 gratiam
221 1798 338 1859 rediret.
368 1799 469 1877 ltaque
484 1805 602 1875 tempus
617 1798 681 1858 eius
695 1797 895 1858 interficiundi
910 1815 1052 1874 quaerere
1071 1797 1156 1860 insti-

84 1889 216 1941 tuerunt.
246 1882 279 1952 ld
294 1883 458 1943 Alcibiades
474 1883 584 1944 diutius
606 1883 693 1944 celari
715 1901 777 1942 non
798 1885 905 1961 potuit.
935 1883 1007 1944 Erat
1030 1884 1109 1944 enim
1124 1890 1186 1944 eat

83 1965 249 2043 sagacitate,
266 1974 299 2027 ut
314 1969 409 2048 decipi
424 1987 485 2028 non
500 1976 610 2048 posset,
626 1969 799 2047 praesertim
821 1988 889 2030 cum
909 1969 1040 2029 animum
1061 1977 1156 2031 atten-

84 2049 178 2112 disset
199 2052 235 2112 ad
257 2054 427 2114 cavendum.
457 2053 561 2133 ltaque
575 2055 611 2115 ad
627 2054 864 2133 Tissaphernem,
881 2055 1063 2134 praelectum
1078 2055 1156 2134 regis

83 2135 174 2210 Darii,
190 2156 221 2197 se
236 2139 370 2198 contulit.
394 2139 484 2199 Cuius
500 2158 567 2199 curn
583 2141 614 2200 in
626 2139 758 2200 intimam
769 2140 925 2201 amicitiam
936 2142 1119 2219 pervenisset
1129 2146 1158 2202 et
1171 2146 1187 2197 3

84 2210 312 2282 Atheniensium
327 2224 401 2284 male
416 2225 505 2302 gestis
520 2225 552 2284 in
568 2225 666 2286 Sicilia
681 2225 771 2287 rebus
786 2245 858 2305 opes
873 2243 1037 2300 senescere,
1053 2236 1156 2287 contra

84 2305 385 2369 Lacedaemoniorum
407 2328 539 2370 crescere
560 2309 686 2386 videret,
710 2311 794 2371 initio
817 2330 886 2371 cum
907 2310 1049 2372 Pisandro
1072 2329 1157 2389 prae·

154 2471 338 2539 Eumolpidae,
358 2474 399 2525 ein
417 2475 459 2526 bei
476 2476 526 2527 den
543 2474 682 2542 Mysterien
699 2475 1156 2544 besch'aftigtesPricstergeschlccht.

85 2569 120 2578 -
138 2542 290 2606 exemplum
307 2542 463 2594 ‘Absohriftt
482 2572 515 2581 -
533 2561 586 2594 carc
605 2545 695 2610 gehdrt
712 2560 744 2595 zu
760 2548 885 2610 positum.

121 2613 139 2664 ’ἶ
154 2611 177 2661 6.
194 2610 354 2674 praedicare
368 2611 541 2663 ‘verkinden'.
559 2641 590 2649 -
609 2613 656 2662 sed
672 2616 801 2664 inimicos.
830 2613 855 2664 S.
873 2616 939 2678 zui,
957 2615 981 2665 3.
999 2641 1032 2650 -
1043 2615 1155 2663 eiecisse.

85 2675 192 2728 Sowohl
209 2676 253 2728 der
270 2678 330 2730 Acc.
350 2678 396 2730 des
414 2677 532 2744 SubJects
551 2680 588 2731 als
607 2680 651 2732 des
670 2681 773 2745 Objects
791 2681 848 2733 sind
866 2681 1044 2749 ausgelassen,
1063 2682 1095 2733 da
1119 2680 1170 2749 sic·

85 2743 140 2796 sich
160 2744 238 2796 leicht
255 2760 300 2797 aus
319 2745 376 2797 dem
395 2747 615 2815 Zusammenhang
633 2752 764 2815 ergiinzen.

154 2816 176 2863 7.
202 2813 279 2863 Perse
302 2830 373 2879 rege.
408 2815 433 2866 S.
458 2833 490 2867 zu
513 2816 601 2868 'l'hem
621 2820 644 2878 8,
664 2821 686 2869 2.
722 2817 771 2870 llas
790 2816 917 2868 Btindniss
934 2817 981 2868 mit
998 2817 1056 2871 dem
1073 2818 1156 2886 Konig

85 2879 137 2999 unld
156 2880 200 2999 dc4r
217 2881 302 2932 Abfatl
320 2883 421 2934 loniens
439 2886 569 2950 geschahn
587 2888 637 2938 412
657 2902 680 2936 v.
700 2884 758 2951 Ch,
780 2884 821 2937 die
846 2885 1013 2953 Besestigung
1036 2887 1156 2940 Deceleas

84 2963 164 3000 scon
202 2952 239 3001 13.

153 3019 182 3065 in
201 3017 337 3067 obsidione
354 3018 388 3068 ‘in
406 3017 703 3087 Belagerungszustand’.
737 3021 770 3071 Es
788 3036 842 3071 war
859 3021 900 3071 ein
916 3021 1094 3074 Abschneiden
1112 3025 1156 3077 der

84 3082 180 3134 Zusuhr
198 3100 250 3135 von
267 3084 312 3136 der
329 3085 471 3150 Landseite,
489 3087 667 3140 lortdauernde
684 3088 885 3155 Beunruhiguug
908 3089 960 3140 und
978 3090 1156 3160 Behinderung

85 3166 119 3202 an
137 3152 182 3203 der
200 3151 352 3235 Benutzung
369 3153 415 3206 des
432 3155 532 3250 offpnen
550 3156 657 3244 bardos.
831 3225 837 3236 .

154 3236 238 3341 rr
255 3221 573 3358 etantant-
588 3224 952 3359 sps,
966 3229 1157 3360 aanor

84 3355 110 3408 d.
128 3355 153 3406 h.
171 3356 313 3422 ‘hegennen
331 3357 384 3409 sic'.

153 3426 177 3476 2.
202 3425 316 3490 diutius,
334 3426 384 3477 wic
408 3427 473 3478 auch
497 3443 572 3479 unser
597 3428 700 3496 ‘langor’
727 3429 788 3481 oder
811 3428 922 3494 ‘lingere
944 3429 1021 3493 Zeit',
1044 3431 1085 3482 ttir
1102 3433 1157 3499 ‘gar

85 3491 177 3558 lange'.
195 3521 229 3530 -—·
251 3492 438 3558 Ttescpbernes
457 3510 510 3547 war
528 3494 679 3550 Statthalter
695 3496 858 3563 (praefectus
875 3513 896 3548 s.
914 3513 946 3548 zu
959 3498 1006 3564 Ag.
1026 3500 1050 3564 2,
1067 3502 1092 3564 3)
1104 3517 1156 3552 ron

85 3559 184 3626 Lydien
204 3561 255 3611 und
274 3561 370 3616 Carion.
399 3562 495 3615 llariu
503 3580 530 3628 s,
542 3565 587 3616 mit
597 3564 655 3616 dem
669 3566 806 3617 Beinamen
816 3565 924 3629 Nothus,
933 3568 1066 3621 ant-405
1076 3585 1099 3618 v.
1110 3570 1154 3622 Gh.

85 3695 107 3746 U
145 3631 180 3746 l3.
189 3630 400 3746 katilecntecrium
424 3631 514 3696 gebdrt
537 3648 568 3683 zu
587 3649 656 3698 opos.
673 3663 708 3696 ε
726 3634 795 3683 malo
810 3637 893 3698 gestia
910 3636 988 3684 robur
1006 3638 1079 3688 ‘nach
1097 3637 1154 3688 dern

109 3711 126 3745 n
156 3711 188 3746 uc
208 3697 223 3748 ¹.

128 3710 284 3815 glb‘soadar
300 3780 355 3816 war
372 3765 426 3817 eins
444 3765 488 3817 der
503 3766 617 3833 Hauptcr
633 3767 678 3819 der
695 3768 895 3835 ohgarcbischen
912 3771 1017 3822 Faction
1033 3773 1068 3822 im
1078 3770 1155 3822 Athe·
1182 3758 1183 3763 ¹

88 3830 193 3883 nischen
217 3832 290 3884 Heer.
326 3834 470 3885 Alcibiades
497 3834 600 3887 wandte
622 3836 677 3888 sich
703 3851 735 3888 an
760 3836 805 3889 ibn
831 3839 901 3890 nicht
927 3854 1020 3905 wegen
1043 3839 1156 3906 gleicher
