2580 4372
144 183 206 244 146
511 182 786 235 adalrammum.
808 187 846 236 11.

142 361 231 422 batur
251 361 372 422 otmari
395 367 424 420 et
444 368 537 434 terra;
560 377 620 437 quo
640 358 734 436 magis
756 357 893 437 cupiebat
914 376 983 418 eum
998 357 1153 419 Hannibal
1168 376 1222 437 op·

113 446 243 526 aprimi.
285 444 343 505 Sed
368 444 529 523 utrobique
555 444 703 504 Eumenes
728 442 796 521 plus
821 441 935 503 valebat
957 454 1085 522 propter
1111 442 1220 503 Roma·
1282 446 1284 455 '

144 549 252 592 norum
277 530 463 606 societatem3
495 547 583 607 quem
609 529 634 589 si
659 528 845 601 removisset,
879 527 1011 589 faciliora
1037 527 1096 589 sibi
1124 535 1220 590 cetera

143 617 207 676 lore
223 613 427 676 arbitrabatur.
457 613 502 675 Ad
516 614 597 675 bunc
610 612 851 674 interficiundum
865 613 953 674 talem
974 613 1042 674 iniit
1062 614 1219 676 rationem.

112 700 241 762 ttllassc
270 701 372 779 paucis
402 699 506 760 diebus
535 707 619 760 erant
648 699 805 759 decreturi.
858 698 1062 777 superabatur
1102 698 1220 761 navium

142 786 349 860 multitudine;
373 785 440 846 dolo
462 792 525 845 erat
545 783 754 864 pugnandum,
777 801 845 844 cum
868 802 923 863 par
945 802 1007 844 non
1023 793 1105 846 esset
1120 785 1219 845 armb.

142 871 299 951 Imperavit
312 889 401 949 quam
415 869 558 949 plurimas
572 877 730 931 venenatas
743 876 899 948 serpentes
909 868 987 928 vivas
998 869 1101 947 colligi
1114 887 1222 948 easque

113 957 175 1018 tin
191 975 257 1017 vasa
272 954 370 1016 fictilia
395 954 500 1016 conici.
537 954 648 1015 Harum
671 973 739 1015 cum
761 953 906 1015 effecisset
924 971 1063 1033 magnam
1084 955 1221 1017 multitu-

144 1041 253 1116 dinem,
270 1041 316 1100 die
332 1040 414 1120 ipso,
436 1058 496 1118 quo
518 1041 649 1101 facturus
672 1046 735 1100 erat
756 1040 856 1101 narde
871 1039 1034 1119 proelium,
1051 1041 1221 1102 classiarios

144 1133 285 1187 convocat
304 1125 410 1205 bisque
434 1125 593 1204 praecipit,
620 1143 723 1185 omnes
747 1132 781 1185 ut
805 1125 836 1184 in
862 1143 952 1185 unam
973 1124 1121 1186 Eumenis
1143 1126 1221 1204 regis

144 1218 325 1272 concurrant
339 1229 451 1284 navem,
467 1229 484 1270 a
499 1210 606 1272 ceteris
621 1217 735 1271 tantum
755 1209 826 1271 satis
845 1209 974 1271 habeant
993 1228 1026 1270 se
1047 1210 1219 1273 defendere.

113 1309 128 1358 6
143 1295 175 1356 ld
191 1296 259 1356 illos
273 1295 359 1356 facile
373 1296 558 1374 serpentium
572 1295 762 1355 multitudine
778 1303 1002 1356 consecuturos.
1032 1294 1099 1356 Rex
1121 1304 1219 1359 autem

142 1382 249 1460 inqua
271 1399 343 1440 nave
363 1381 534 1456 veheretur,
558 1388 591 1441 ut
613 1380 740 1455 scirent,
762 1399 795 1440 se
815 1379 973 1441 facturum.
1003 1379 1102 1450 Quem
1123 1382 1151 1442 si
1171 1386 1222 1443 aut

144 1466 294 1544 cepissent
307 1474 358 1525 aut
373 1465 601 1539 interfecissent,
617 1483 724 1543 magno
744 1465 791 1525 bis
812 1465 971 1544 pollicetur
988 1467 1125 1545 praemio
1147 1469 1219 1528 fore.

94 1557 131 1616 11
144 1549 208 1610 'lali
223 1549 427 1610 cohortatione
442 1549 569 1611 militum
583 1551 659 1611 lacta
680 1549 782 1611 classis
803 1551 838 1610 ab
860 1550 996 1629 utrisque
1017 1550 1048 1610 in
1071 1552 1220 1631 proelium

144 1635 309 1696 deducitur.
341 1634 472 1706 Quarum
487 1635 549 1696 acie
565 1636 741 1711 constituta,
761 1635 935 1715 priusquam
956 1635 1077 1714 signum
1099 1654 1220 1716 pugnae

143 1719 278 1796 daretur,
306 1718 471 1796 Hannibal,
497 1727 532 1780 ut
554 1721 650 1800 palam
672 1721 781 1782 laceret
797 1721 875 1796 suis,
898 1740 958 1800 quo
978 1721 1045 1780 loco
1068 1721 1220 1783 Eumenes

112 1814 240 1880 temet,
262 1805 447 1866 tabellarium
469 1805 500 1865 in
527 1807 635 1885 scapha
661 1825 728 1866 cum
753 1806 882 1884 caduceo
907 1806 1006 1867 mittit.
1037 1804 1096 1876 Qui
1117 1807 1172 1869 ubi
1186 1805 1221 1867 ad

143 1909 231 1951 naves
246 1890 479 1951 adversariorum
494 1891 629 1969 pervenit
643 1891 858 1971 epistulamque
879 1891 1041 1953 ostendens
1063 1911 1097 1952 se
1118 1910 1220 1971 regem

142 1976 296 2054 professus
312 1983 356 2036 est
371 1993 522 2054 quaerere,
538 1976 636 2037 statim
650 1976 687 2038 ad
701 1976 866 2036 Eumenem
888 1976 1032 2037 deductus
1055 1985 1117 2054 est,
1140 1976 1219 2057 quod

144 2078 233 2120 nemo
251 2059 409 2135 dubitabat,
427 2059 499 2139 quin
515 2060 627 2139 aliquid
648 2061 684 2121 de
707 2080 779 2140 pace
800 2068 878 2122 esset
899 2061 1052 2142 scriptum.
1084 2061 1218 2123 'labella-

142 2144 206 2204 rius
229 2143 313 2203 ducis
336 2162 409 2204 nave
430 2143 576 2205 declarata
597 2145 659 2206 suis
681 2145 800 2221 eodem,
823 2147 903 2207 unde
924 2154 987 2207 erat
1007 2164 1165 2225 egressus,
1187 2166 1220 2208 se

113 2229 265 2307 arecepit.
303 2228 340 2288 At
363 2228 521 2289 Eumemes
542 2230 638 2291 soluta
659 2231 785 2310 epistula
806 2231 881 2291 nihil
902 2231 932 2291 in
955 2250 989 2292 ea
1009 2231 1138 2311 reperit,
1161 2231 1219 2294 nisi

143 2333 219 2394 quae
234 2313 269 2374 ad
284 2313 468 2376 irridendum
484 2334 553 2376 eum
567 2316 760 2395 pertinerent.
799 2315 890 2376 Cuius
912 2317 967 2376 etsi
989 2335 1107 2377 causam
1128 2318 1218 2378 mira

142 2399 229 2460 batur
250 2418 348 2478 neque
369 2400 588 2479 reperiebatur,
613 2410 710 2463 tamen
736 2400 884 2480 proelium
910 2400 1006 2462 statim
1033 2402 1219 2464 committere

112 2504 204 2554 anon
228 2483 377 2545 dubitavit.
413 2485 528 2547 Horum
550 2486 581 2546 in
608 2504 756 2547 concursu
777 2485 907 2565 Bithynii
933 2485 1108 2547 Hannibalis
1132 2505 1219 2566 prae·

228 2701 262 2736 no
280 2687 330 2736 ‘um
350 2687 397 2737 so‘.

211 2702 235 2804 g.
263 2755 419 2818 utrobique,
440 2754 464 2804 d.
489 2754 506 2805 i.
531 2758 650 2804 otmari
674 2760 700 2805 et
721 2760 809 2805 terro:
828 2756 960 2808 ribersetze
978 2756 1034 2808 ‘aul
1049 2757 1141 2810 beiden
1157 2759 1215 2811 Ele-

141 2821 251 2939 aientem
271 2819 332 2870 oder
349 2819 457 2872 ‘sowobl
475 2821 530 2871 hier
547 2821 585 2872 als
603 2821 678 2872 dort'.
696 2850 730 2858 -
748 2825 773 2873 4.
791 2823 979 2888 Superabotnr
996 2829 1062 2876 ‘man
1085 2841 1141 2878 war
1163 2827 1216 2879 ibrn

142 2887 296 2952 ueregen’.

210 2958 234 3005 5.
254 2952 360 3022 efficere
377 2953 427 3021 eig.
445 2955 485 3006 ‘zu
503 2954 599 3007 Stande
624 2955 749 3022 liningen,
772 2956 826 3009 hier
849 2960 1025 3026 ‘aulbringeo’‚
1050 2963 1217 3014 ‘zusammen-

140 3023 314 3142 Ιηίηξοηῐή-
341 3023 383 3074 die
409 3026 476 3090 ipso.
511 3023 619 3076 lliermit
642 3025 747 3092 beginnt
770 3026 815 3077 der
839 3026 974 3080 Nachsatz.
996 3057 1030 3066 -
1056 3045 1220 3082 concurrere

144 3093 190 3144 ‘sic
225 3106 265 3142 we
289 3093 338 3145 en'.

211 3166 315 3211 tontum
333 3164 399 3209 eatis
417 3161 522 3224 laedere,
542 3159 583 3210 ein
600 3161 802 3226 pleonestischer
819 3163 967 3215 Ausdmclr:
985 3165 1118 3229 fwir2‘sich
1136 3167 1216 3220 echon

140 3229 296 3296 begoiigen'.
332 3227 358 3276 A
376 3230 469 3277 ceteris
487 3226 578 3294 gelidat
595 3244 627 3279 zu
643 3247 672 3281 ce
688 3229 839 3290 defendere.

210 3300 233 3349 θ.
253 3296 352 3346 Consti.
374 3292 512 3346 litantem
530 3299 638 3361 seirent,
664 3300 692 3347 in
711 3314 763 3363 qno
782 3314 850 3351 nove
867 3301 1083 3366 rec-vederetur,
1109 3319 1137 3353 ee
1159 3303 1219 3364 foc·

142 3370 241 3415 torum.
259 3392 293 3401 -
312 3364 353 3412 tn
370 3361 462 3429 gehdrt
478 3379 511 3414 zu
529 3377 628 3428 magno
645 3370 766 3431 praemio
784 3366 851 3427 fore.
1063 3370 1101 3427 art·
1183 3390 1195 3418 ιε
1216 3378 1218 3383 ·

212 3429 259 3486 11.
289 3435 311 3483 1.
339 3431 371 3480 ab
398 3434 519 3496 ntre'aqne
545 3433 605 3483 ‘von
631 3432 722 3485 beiden
746 3433 881 3500 Parteien’,
903 3435 954 3487 wie
977 3435 1022 3487 der
1049 3436 1136 3490 Plural
1163 3455 1217 3493 von

141 3505 254 3564 uterque
279 3498 446 3565 regelmdssig
474 3498 551 3551 steht.
577 3528 611 3537 -
639 3501 775 3566 Quorum,
801 3502 878 3556 niml.
907 3502 1034 3556 classium.
1071 3505 1129 3569 ;ller
1155 3508 1217 3561 Sata

140 3567 457 3634 prinsquam-daretur
469 3566 567 3687 1§obdit
583 3584 641 3621 zum
659 3570 813 3637 Folgenden.

210 3637 232 3687 3.
260 3639 435 3701 pertinerent.
492 3651 519 3687 er
543 3636 693 3701 Gonjunctiv
711 3638 761 3690 wie
780 3638 869 3692 Thrae.
886 3643 912 3702 4,
930 3641 944 3691 2
964 3645 1163 3707 concupiscant.
1181 3670 1217 3683 -

143 3702 233 3768 Cuius,
251 3703 384 3769 epistulae.

208 3775 232 3825 4.
251 3772 353 3823 Honem
370 3772 421 3824 wie
432 3771 507 3828 Eum.
524 3776 549 3837 4,
569 3777 581 3825 1
602 3788 723 3839 qnorum.
740 3803 775 3815 -
793 3777 952 3827 Hannibalis
966 3783 1112 3844 praecepto
1132 3779 1216 3831 ‘nacla’

139 3854 164 3890 ll.
184 3855 204 3892 S.
224 3854 259 3895 We
1150 3876 1154 3881 “
