2580 4372
123 169 163 230 62
572 173 603 225 Χ.
621 173 707 225 DlON.
727 175 750 225 2,

122 346 232 407 salvum
266 355 389 423 propter
416 345 681 419 necessitudinem,
715 343 807 422 magis
841 343 926 405 etiam
959 364 1083 406 snorum
1108 332 1202 409 'causa

124 431 268 491 studebat.
314 431 420 491 Aderat
450 431 480 491 in
508 430 623 508 maguis
650 429 753 505 rebels,
778 428 901 508 eiusque
924 430 1050 491 oonsilio
1072 432 1201 493 multum

122 515 295 576 movebatur
308 525 461 594 tyrannus
479 515 536 576 nisi
552 534 609 593 qua
625 514 655 574 in
672 533 704 576 re
719 513 813 575 maior
827 514 922 593 ipsius
937 515 1084 595 cupiditas
1107 516 1201 579 inter-

96 607 263 661 icesscrat.
294 599 470 678 Legationes
483 619 552 660 vero
568 617 686 675 omnes,
711 618 785 678 quac
807 605 907 660 essent
926 600 1123 676 illustriores,
1146 621 1203 682 per

123 685 248 746 Dionem
264 685 542 746 administrabantur
548 704 556 758 ;
579 704 653 763 quas
674 684 793 763 quidem
814 683 863 744 ille
879 684 1035 763 diligenter
1049 686 1201 764 obeundo,

123 771 247 831 fideliter
262 770 492 832 adndnistrando
508 769 744 831 crtrdelissimum
760 787 869 829 nomen
885 771 1003 849 tyranni
1024 790 1078 832 sua
1095 773 1200 833 huma·

94 857 214 917 5nitatc
229 855 366 915 leniebat.
411 856 498 916 Hunc
519 875 535 915 a
556 854 698 934 Dionysio
720 854 844 914 missum
868 855 1127 933 Carthaginienses
1151 877 1201 919 sn-

123 947 294 1019 spexerunt,
309 946 343 999 ut
358 940 505 1001 neminem
522 958 661 1018 umquam
678 941 787 1001 Graeca
802 939 903 1016 lingua
918 941 1090 1019 loquentem
1106 942 1202 1022 magis

123 1025 183 1084 sint
197 1023 339 1084 admirati.
705 1078 707 1082 .

90 1113 109 1172 2
207 1109 393 1188 Nequevero
408 1109 481 1169 haec
496 1108 669 1188 Dionysium
692 1108 853 1187 fugiebant.
890 1109 962 1170 Nam
987 1118 1098 1188 quanto
1123 1120 1203 1174 esset

123 1194 179 1255 sibi
201 1202 390 1269 ornamento,
413 1193 564 1254 sentiebat.
596 1193 660 1264 Quo
677 1193 779 1266 fiebat,
802 1200 836 1253 ut
856 1195 909 1254 uni
926 1195 994 1256 huic
1009 1194 1138 1259 maxime
1153 1198 1201 1259 in-

92 1278 257 1355 adulgeret
279 1298 375 1358 neque
391 1298 458 1339 enm
474 1297 560 1339 secus
576 1278 709 1357 diligeret
730 1297 763 1338 ac
785 1278 894 1353 filium3
918 1279 1113 1358 quiquidem,
1131 1301 1199 1343 cum

122 1363 275 1424 Platonem
290 1364 450 1424 Tarentum
472 1363 587 1423 venisse
603 1365 678 1423 lama
693 1363 723 1423 in
740 1362 868 1423 Siciliam
885 1373 963 1425 esset
983 1365 1104 1443 perlata,
1126 1368 1200 1429 adu-

122 1448 245 1508 lescenti
261 1466 368 1526 negare
384 1465 444 1507 non
457 1448 597 1526 potuerit,
608 1447 680 1525 quin
697 1466 764 1508 enm
780 1456 952 1525 accerseret,
965 1469 1032 1511 cum
1043 1449 1122 1512 Dion
1135 1453 1200 1514 eins

117 1532 259 1594 >audiendi
276 1533 436 1611 cupiditate
450 1534 595 1611 flagraret.
626 1532 711 1592 Dedit
727 1551 797 1611 crgo
812 1533 882 1593 huic
896 1535 1009 1595 veniam
1031 1553 1200 1616 magnaque

92 1625 106 1674 3
123 1636 189 1678 eum
205 1617 368 1678 ambitione
380 1617 539 1696 Syracusas
554 1617 701 1696 perduxit.
739 1619 832 1689 Darem
848 1618 925 1679 Dion
948 1619 1019 1680 adeo
1036 1622 1198 1686 admiratus

123 1710 167 1764 est
181 1710 268 1782 atque
284 1703 440 1779 adamavit,
463 1711 497 1764 ut
512 1721 544 1762 se
560 1703 585 1763 ei
602 1711 696 1763 totum
713 1704 849 1764 traderet.
879 1703 982 1783 Neque
1003 1723 1074 1765 vero
1096 1709 1198 1769 minus

121 1788 185 1866 ipse
197 1787 279 1847 Plato
295 1787 455 1849 delectatus
469 1796 513 1848 est
531 1788 635 1847 Dione.
657 1788 759 1866 ltaque
779 1806 847 1848 cum
864 1806 879 1847 a
898 1795 1023 1867 tyranno
1038 1793 1200 1855 crudeliter

120 1871 244 1932 violatus
268 1879 359 1942 esset,
382 1873 494 1952 quippe
517 1890 605 1950 quem
618 1873 789 1933 venumdari
804 1872 947 1954 iussisset,
970 1882 1067 1936 tamen
1093 1879 1197 1940 eodem

121 1956 207 2016 rediit
222 1956 352 2017 eiusdem
368 1957 472 2018 Dionis
487 1957 626 2036 precibus
641 1957 793 2018 adductus.

121 2155 204 2206 gegen
222 2140 262 2191 die
282 2139 410 2207 Tyrannei
428 2139 472 2190 des
491 2137 586 2206 Dionys
604 2140 650 2192 das
660 2139 802 2194 Vertrauen
820 2140 955 2193 desselben
965 2143 1080 2196 besitzen
1089 2143 1198 2200 konnte.

120 2238 154 2244 -
171 2207 283 2261 solocem.
315 2208 367 2258 Wir
383 2207 461 2258 ‘scine
478 2207 634 2274 Erhaltung'.
672 2249 674 2253 ,

189 2292 298 2326 saeorum
309 2292 398 2335 causa,
417 2275 493 2326 nimi.
511 2291 586 2342 qnam
597 2290 650 2328 sna.
678 2274 749 2326 Denn
767 2275 813 2326 mit
819 2283 933 2342 propter
942 2294 1038 2332 necess.
1048 2280 1082 2332 ist
1099 2283 1199 2336 scine

119 2342 342 2396 Verwandtsebait
360 2344 406 2394 mit
423 2343 519 2411 Dionys
538 2345 658 2410 gemeint.

188 2413 292 2463 Aderat
309 2416 337 2462 ia
365 2417 399 2463 ‘er
417 2413 508 2463 wirkte
533 2413 579 2463 mit
596 2413 653 2464 bei'.
671 2441 705 2448 -
723 2413 878 2461 monebatur
903 2412 953 2463 wie
978 2413 1039 2464 Con.
1064 2418 1094 2481 4,
1121 2420 1143 2468 l.
1163 2447 1198 2458 -

120 2484 215 2546 maior,
235 2481 290 2532 eine
307 2480 504 2546 nngewobnlich
523 2496 619 2546 grosse,
637 2510 671 2519 -
689 2483 875 2530 intercesserat
893 2480 934 2531 ‘im
953 2480 1038 2546 Spiele
1056 2486 1126 2534 war'.

189 2553 213 2600 4.
233 2555 318 2598 essent
334 2548 495 2599 illustriores
515 2549 597 2600 ‘einen
616 2549 742 2615 gewissen
753 2547 832 2598 Glanz
850 2547 954 2599 hatten.
980 2548 1029 2600 Der
1042 2549 1199 2616 Gonjunctir

122 2617 170 2668 uie
187 2617 251 2667 Milt.
270 2619 293 2677 3,
312 2619 335 2668 2.
362 2617 417 2667 Wir
434 2615 545 2678 drticken
564 2616 681 2668 dasselbe
698 2631 752 2679 ans,
776 2615 861 2666 indem
879 2616 927 2667 wir
945 2632 1013 2682 quae
1031 2618 1078 2669 mit
1094 2623 1198 2673 ‘soweit

121 2686 165 2736 sie'
184 2685 343 2734 tibersetzcn.
371 2683 429 2750 Vgl.
447 2700 478 2734 zu
495 2684 538 2735 Ar.
559 2687 581 2746 1,
601 2687 624 2735 2.

190 2753 263 2801 otire
282 2752 441 2813 legationem
465 2751 543 2802 beisst
570 2751 611 2802 die
630 2750 669 2801 fiir
695 2748 807 2800 dieselbe
825 2749 948 2815 nistbigen
972 2751 1054 2819 Wege
1077 2755 1196 2811 macheu.

120 2819 274 2872 Uebersetze
292 2818 384 2870 ‘indem
404 2834 430 2870 er
448 2833 563 2885 sorgsam
580 2819 626 2869 aui
639 2818 735 2869 seinem
754 2817 849 2868 Posten
867 2819 935 2868 war'.

190 2886 401 2937 crudelissimum
424 2902 518 2936 nomon
544 2890 658 2952 tyrarsai
678 2885 736 2937 ‘den
760 2884 813 2936 Rus
832 2900 861 2936 so
885 2901 985 2952 grosscr
1009 2886 1199 2958 Grausamkeit,

120 2957 146 3006 in
164 2954 286 3006 walchem
311 2953 356 3005 der
380 2954 483 3021 'lyrann
507 2954 603 3020 stand',
622 2953 672 3005 wie
691 2956 706 3020 ξ
726 2955 741 3005 2
758 2968 889 3017 generose
908 2958 1040 3005 maiorum
1058 2958 1142 3018 fama.
1160 2989 1196 2998 -

120 3026 286 3075 laumaattote
304 3022 353 3073 wie
370 3022 433 3075 blilt.
453 3027 477 3088 8,
495 3027 520 3075 4.
537 3053 571 3060 -
590 3027 613 3075 5,
632 3029 663 3073 ut
679 3049 712 3068 =
730 3021 764 3071 ita
783 3021 844 3072 oder
862 3020 926 3073 adeo
944 3027 981 3073 ut.

189 3088 216 3147 2.
237 3095 258 3142 1.
277 3090 430 3156 indulgeret
454 3094 494 3142 ‘zu
512 3091 606 3143 Wiben
624 3092 695 3143 war’.
718 3118 751 3127 —
774 3091 797 3140 2.
823 3090 992 3154 quiquidem
1010 3091 1058 3154 ‘er,
1083 3091 1128 3142 der
1146 3093 1193 3156 Ja'.

119 3161 271 3213 Uebersetze
298 3157 403 3210 ‘konnte
429 3174 456 3210 er
482 3154 565 3211 doeh’.
602 3159 652 3211 Der
676 3157 840 3222 conjunctis,
858 3157 917 3208 weil
939 3157 984 3208 der
1002 3157 1087 3209 Grund
1113 3174 1193 3228 ange-

119 3226 323 3349 geberi'lisvtiiriem
341 3310 366 3345 u.
384 3309 404 3345 s.
422 3309 455 3344 u.
474 3295 523 3346 389
541 3311 566 3345 v.
577 3294 621 3346 uh.
650 3293 723 3345 Plato
741 3293 799 3343 kam
817 3291 913 3342 damals
924 3291 1193 3347 vonsreieuSldclien.

118 3393 153 3403 —
170 3381 317 3428 accersere,
342 3360 494 3414 Nebensorm
521 3378 571 3414 von
598 3378 730 3413 arcessere
753 3363 792 3424 (3,
819 3359 852 3422 1).
870 3388 905 3397 -
922 3360 1005 3410 Dedit
1021 3364 1125 3412 creatam
1143 3362 1196 3415 wie

119 3432 207 3484 Them.
227 3437 265 3497 to,
285 3436 306 3484 1.
325 3461 358 3469 —
382 3431 491 3491 ambitio
518 3430 572 3482 hier
593 3429 738 3493 ‘Anisehn’‚
761 3427 883 3479 wodurcb
906 3426 1012 3479 Jemand
1034 3429 1088 3480 sich
1113 3430 1193 3482 selbst

117 3499 267 3552 bemerkbar
283 3500 388 3551 macheu
407 3499 468 3551 will.

67 3562 73 3575 '
187 3571 210 3620 3.
229 3567 343 3617 uiolatus
361 3574 429 3617 esset
445 3566 548 3633 (Plato),
571 3569 673 3632 quippe
693 3579 769 3630 quem
788 3563 943 3629 (Platonem)
960 3563 1123 3614 venumdari
1138 3568 1191 3615 iass-

117 3639 194 3688 stsset
210 3637 363 3702 (tyrannus),
382 3641 469 3686 tamea
488 3635 577 3685 eodan
594 3635 676 3685 rediit
694 3632 795 3698 (Plato).
830 3631 917 3683 Dieser
933 3630 1053 3682 Wechsel
1071 3631 1117 3684 des
1126 3631 1194 3685 Sub-

112 3705 181 3768 Jects
207 3703 241 3756 ist
266 3702 336 3753 nieht
365 3701 564 3754 nachznahmen.
597 3702 643 3753 Die
670 3698 808 3752 uncklehr
834 3699 878 3751 des
904 3698 977 3749 Plato
1002 3698 1114 3765 gcschah
1140 3707 1192 3752 esst

117 3772 182 3823 nach
209 3771 265 3822 dem
290 3769 361 3822 Tode
383 3769 428 3822 des
455 3770 535 3822 iiltern
558 3769 661 3838 Dionys,
697 3768 722 3821 S.
749 3772 777 3833 3,
804 3772 824 3820 1.
871 3767 994 3819 Violstus
1020 3774 1087 3818 esset
1110 3770 1194 3822 ‘miss-

116 3839 219 3891 handelt
236 3841 307 3891 war'.
