2580 4372
395 713 888 779 CORNELIINEPOTIS

600 847 694 901 Lmrm

201 984 271 1078 hd
312 981 797 1080 EXGELLENTIBUS
838 981 1087 1080 cholcos

456 1169 655 1222 EXTERARUM
672 1169 824 1222 GENTIUM.

116 1516 118 1520 ⁴
194 1493 260 1553 Non
276 1493 377 1555 dubito
393 1495 457 1556 sore
472 1494 752 1573 plerosquehtlicc,
769 1493 820 1571 qui
831 1495 888 1553 hoc
904 1511 999 1572 genus
1014 1493 1177 1572 scripturae

109 1578 173 1639 leve
187 1589 217 1640 et
232 1598 293 1641 non
309 1580 379 1641 saris
401 1580 522 1658 dignum
544 1597 726 1640 summorum
740 1578 871 1638 virorum
885 1579 1022 1656 personis
1037 1578 1177 1655 iudicent,

111 1681 177 1723 cum
193 1664 316 1724 relatum
331 1664 440 1742 legent,
457 1665 523 1743 quis
544 1664 684 1725 musicam
707 1662 841 1723 docuerit
862 1662 1104 1742 Epaminondam,
1128 1672 1179 1725 aut

110 1749 141 1808 in
165 1748 227 1809 eius
248 1749 405 1810 virtutibus
428 1748 649 1810 commemorari
673 1749 793 1809 saltasse
815 1766 884 1808 eum
906 1748 1058 1809 commode
1082 1749 1177 1810 scien·
1255 1760 1261 1773 ·

109 1841 213 1911 terque
228 1833 308 1894 tibiis
322 1842 464 1895 cantasse.
492 1834 549 1895 Sed
564 1834 594 1894 hi
610 1844 699 1895 erunt
713 1834 783 1907 iere,
800 1834 850 1911 qui
866 1844 1000 1913 expertes
1015 1833 1178 1894 litterarum
1192 1840 1208 1890 2
1277 1858 1280 1863 ·

111 1916 288 1979 Graecarum
311 1919 384 1980 nihil
407 1928 530 1994 rectum,
547 1919 604 1980 nisi
620 1919 700 1997 quod
715 1918 849 1996 ipsorum
864 1918 997 1979 moribus
1013 1919 1177 1993 conveniat,

109 2003 264 2082 putabunt.
309 2002 346 2063 Hi
369 2004 393 2064 si
416 2004 573 2065 didicerint
594 2022 655 2065 non
678 2004 778 2064 eadem
802 2003 940 2065 omnibus
963 2021 1028 2064 csse
1055 2004 1208 2064 honestae

109 2097 196 2166 atque
207 2088 315 2167 turpia,
331 2090 382 2150 sed
399 2089 497 2150 omnia
512 2089 655 2149 maiorum
671 2087 813 2148 institutis
829 2087 961 2162 iudicari,
977 2106 1038 2148 non
1054 2088 1178 2149 admira-

108 2172 222 2233 buntur
243 2192 298 2235 nos
320 2174 351 2234 in
375 2172 529 2234 Graiorum
557 2172 716 2234 virtutihus
738 2172 920 2252 exponendis
947 2190 1046 2233 mores
1076 2191 1179 2234 eorum

111 2266 238 2318 secutos.
268 2258 371 2336 Neque
394 2259 472 2319 enim
497 2258 611 2319 Cimoni
633 2258 689 2318 suit
710 2265 807 2337 turpe
823 2257 1048 2318 Atheniensium
1063 2265 1208 2318 summ04
1283 2264 1288 2275 “

109 2342 183 2417 viro,
199 2360 330 2404 sororem
346 2361 512 2422 germanam
528 2342 635 2404 hahere
646 2343 676 2402 in
692 2341 888 2415 matrimonio,
901 2341 1011 2421 quippe
1023 2359 1090 2402 cum
1102 2342 1179 2402 cives

179 2528 201 2577 1.
219 2524 282 2576 Non
301 2526 400 2588 dubito,
415 2525 466 2576 ‘ich
484 2525 583 2578 zweisse
600 2525 687 2591 nicht’,
704 2524 838 2578 verbindet
854 2525 940 2592 Nepos
964 2539 1047 2592 gegen
1065 2525 1112 2577 den
1131 2526 1179 2578 Ge·

108 2592 203 2644 hrauch
222 2591 266 2645 dor
282 2593 385 2646 hessern
404 2592 585 2646 Schriftsteller
602 2597 665 2646 stets
682 2595 728 2646 mit
745 2595 801 2647 dem
819 2596 880 2647 Acc.
899 2609 920 2647 c.
938 2593 982 2644 lnf.
1001 2608 1088 2645 ausser
1097 2594 1177 2645 Hann.

109 2663 134 2724 2,
152 2665 175 2713 5.
203 2664 242 2724 11,
262 2664 285 2712 2.
320 2661 377 2712 Von
396 2661 533 2714 denselhen
553 2660 749 2714 Schriftstellorn
769 2661 934 2714 ahweichend
952 2660 996 2712 hat
1014 2677 1041 2713 er
1055 2663 1179 2728 plerique

108 2727 163 2778 hier
180 2727 232 2779 und
250 2729 315 2780 diter
332 2730 357 2825 ip
376 2728 419 2781 der
436 2729 587 2796 Bedeutung
603 2730 670 2782 ‘sehr
687 2731 759 2782 m'ele'
777 2735 883 2798 gesotzt.

228 2800 233 2811 ·
419 2797 424 2809 ·
450 2799 455 2817 ν
502 2799 507 2810 ·
553 2801 560 2825 ι
722 2793 729 2813 ³
895 2803 900 2827 ι
928 2797 933 2808 ·
1029 2798 1035 2809 ·
1057 2800 1061 2818 ¹
1097 2800 1104 2826 e

108 2795 465 2982 paacpssidhihffidhh
478 2797 798 2934 dedendam
815 2797 1087 2932 diodoride
1104 2799 1178 2918 iiii

128 2946 170 2982 ms
192 2971 198 2984 .

99 3036 102 3041 -
173 3015 292 3065 persona
318 2999 452 3066 eigendich
481 3001 521 3052 die
538 3000 626 3053 Mashe
652 3000 705 3052 und
731 3000 804 3052 Rolio
831 3001 875 3053 des
893 2999 1097 3067 Schauspielers:
1124 2984 1178 3053 hier

109 3066 335 3132 ‘Persdnlichheit',
353 3067 528 3137 ‘Bedeutung'.
563 3070 599 3121 lm
616 3069 791 3120 Lateinischen
809 3069 893 3134 kann,
917 3069 947 3120 da
974 3084 1026 3120 von
1048 3069 1178 3120 mehreren

109 3133 231 3187 Miconem
250 3135 291 3187 die
309 3134 379 3187 Rede
396 3136 437 3200 ist,
455 3136 500 3188 der
517 3136 602 3188 Plural
621 3137 702 3189 stehn.

135 3248 137 3253 .
177 3206 387 3268 commemorari,
404 3205 441 3256 als
459 3219 533 3256 wenc
552 3204 643 3256 vorher
661 3204 731 3256 nicht
749 3205 843 3270 legent,
863 3204 970 3256 wonach
989 3219 1178 3255 esoommemo-

108 3275 197 3321 ratum
215 3270 316 3322 hoissen
334 3271 446 3335 mismo,
467 3272 576 3324 sondern
595 3273 635 3324 ein
658 3273 849 3340 allgemeineres
866 3272 953 3334 Wmt,
977 3272 1026 3324 wie
1044 3272 1178 3338 videbunt,

108 3338 205 3389 stando.
223 3367 257 3376 -
276 3340 409 3390 commodo
426 3341 504 3406 ‘gut’;
523 3344 637 3392 amenter
655 3339 811 3408 ‘geschicht’.

176 3407 199 3458 2.
218 3411 339 3472 expertes
357 3406 508 3458 litterarum
519 3407 681 3459 Graecorum
700 3408 774 3460 ‘ohne
792 3407 928 3458 Kenntniss
947 3405 991 3458 der
1002 3407 1177 3474 griechischen

106 3473 258 3539 Litteratnr’,
276 3489 304 3526 so
323 3473 382 3526 dass
401 3474 477 3526 ihnen
496 3475 537 3528 die
554 3490 600 3528 aus
609 3475 691 3528 dieser
708 3492 739 3527 zu
759 3473 1045 3543 gewinncndeBildung
1063 3475 1115 3527 und
1133 3490 1176 3526 na-

106 3541 228 3610 mendich
246 3542 286 3593 oin
305 3542 421 3595 weitorer
438 3547 489 3595 und
507 3543 762 3595 vorcrtheilsfreierer
780 3541 965 3594 Gesichtskreis
983 3543 1084 3609 ahgeht.

176 3613 199 3663 3.
220 3608 303 3674 Graii,
322 3609 360 3660 ost
376 3611 400 3660 in
420 3610 464 3662 dm
491 3612 643 3664 classischen
669 3612 748 3663 Prosa
774 3610 921 3677 gemacht,
946 3611 980 3662 ist
1006 3615 1091 3677 spater
1118 3627 1176 3663 vor-

106 3676 225 3744 wiegend
238 3676 397 3730 dichterisoh.

176 3749 199 3798 4.
217 3744 300 3796 Soror
315 3760 454 3810 germana,
472 3746 560 3808 frater
575 3763 729 3813 germanus,
753 3743 879 3797 ‘leibliohe
902 3744 1089 3810 Geschwister'‚
1111 3761 1177 3798 wer-
