2580 4372
473 137 549 189 XXV.
570 137 716 190 AT'llGUS.
736 142 759 190 7.
778 143 803 192 8.
1115 139 1173 198 161

94 310 149 371 tati
172 311 330 386 serviebat,
353 312 507 373 sedetiam
523 312 743 392 tranquillitati,
767 331 834 372 cum
856 312 1042 391 suspiciones
1058 332 1178 392 quoque
1281 370 1286 381 ,

93 397 200 457 vitaret
214 397 382 456 criminum.
420 397 486 467 Quo
501 398 603 473 fiebat,
618 404 653 458 ut
668 397 731 458 eius
747 397 932 458 observantia
947 399 1085 460 omnibus
1100 406 1179 458 esset

76 487 78 491 '
93 481 208 553 carior,
225 500 293 542 cum
309 501 372 542 eam
388 482 502 556 officio,
519 503 579 544 non
594 483 693 544 timori
710 501 807 560 neque
823 483 887 561 spei
903 483 993 544 tribui
1008 485 1151 544 viderent.

196 567 302 627 lnoidit
318 567 525 627 Caesarianum
540 569 623 628 civile
638 568 768 640 bellum,
792 585 859 628 cum
874 568 995 629 haberet
1010 586 1105 630 annos
1120 567 1206 631 cir-l

93 652 172 711 citer
192 652 352 729 sexaginta.
396 652 474 712 Usus
497 664 542 715 est
564 653 665 714 aetatis
687 652 837 712 vacatione
860 671 957 732 neque
980 673 1012 714 se
1027 671 1177 732 quoquam

94 736 187 796 movit
209 756 244 797 ex
264 737 348 797 urbe.
394 738 474 807 Quae
500 739 600 798 amicis
627 738 689 798 suis
711 756 787 816 opus
808 738 924 798 fuerant
945 740 981 799 ad
1001 737 1177 817 Pompeium

93 822 368 900 proficiscentibus,
391 824 489 883 omnia
512 843 547 884 ex
569 843 622 884 sua
636 829 668 883 re
682 821 818 883 familiari
840 822 929 883 dedit.
972 823 1074 903 Ipsum
1088 821 1176 882 Pom-

94 906 197 985 peium
221 908 414 967 coniunctum
438 927 499 968 non
523 908 653 968 ollendit.
698 907 819 967 Nullum
833 907 868 967 ab
885 926 919 969 eo
941 909 1067 968 hahebat
1088 915 1206 967 orna-2

93 999 248 1066 mentum,
271 1000 304 1052 ut
320 993 426 1066 ceteri,
451 994 502 1072 qui
525 1012 579 1073 per
602 1012 669 1054 eum
685 1001 735 1053 aut
748 994 879 1052 honores
894 1001 945 1053 aut
960 992 1072 1054 divitias
1088 1011 1175 1071 cepe-

93 1083 181 1150 rant3
199 1096 327 1156 quorum
341 1078 448 1155 partim
463 1079 629 1139 invitissimi
646 1084 740 1138 castra
755 1090 825 1137 sunt
840 1078 949 1152 secuti,
973 1078 1079 1157 partim
1095 1095 1176 1138 sum-

93 1180 143 1221 ma
159 1179 226 1221 cum
248 1163 311 1223 eius
328 1163 492 1223 offensione
508 1164 585 1223 domi
602 1170 817 1223 remanserunt.
862 1163 949 1223 Attici
971 1170 1068 1223 autem
1091 1162 1175 1241 quies
1190 1170 1205 1220 3

93 1245 379 1325 tantopereCaesari
391 1248 447 1308 luit
458 1256 555 1326 grata,
578 1256 612 1308 ut
625 1248 734 1320 victor,
758 1266 825 1307 cum
840 1248 960 1326 privatis
970 1249 1112 1327 pecunias
1121 1264 1177 1326 per

94 1331 238 1408 epistulas
260 1332 434 1410 imperaret,
456 1334 526 1394 huic
549 1353 609 1393 non
632 1332 728 1392 solum
751 1333 892 1393 molestus
915 1352 976 1393 non
998 1333 1103 1408 luerit,
1126 1331 1177 1391 sed

93 1415 182 1476 etiam
205 1417 316 1477 sororis
338 1417 430 1479 filium
452 1427 480 1479 et
495 1419 529 1489 Q.
546 1418 721 1478 Ciceronem
736 1437 772 1478 ex
786 1417 919 1497 Pompeii
934 1419 1037 1478 castris
1053 1435 1177 1478 conces·

91 1501 176 1560 serit.
220 1501 270 1562 Sic
284 1512 381 1564 vetere
395 1504 531 1564 instituto
545 1504 619 1563 vitae
636 1503 738 1580 ellugit
751 1521 826 1563 nova
841 1503 983 1582 pericula.

181 1586 323 1663 Secutum
345 1596 390 1648 est
410 1588 482 1648 illud
506 1588 604 1648 occiso
627 1588 765 1661 Caesare,
790 1606 858 1647 cum
880 1588 1060 1666 respublica
1081 1582 1207 1664 penes8

91 1671 202 1731 Brutos
224 1672 373 1733 videretur
395 1692 460 1733 esse
482 1682 511 1734 et
526 1673 657 1734 Cassium
679 1692 713 1733 ac
734 1681 794 1733 tota
816 1673 916 1733 civitas
931 1692 962 1732 se
978 1674 1013 1732 ad
1029 1690 1079 1732 eos
1101 1690 1176 1730 con-

165 1875 296 1936 crimina,
313 1872 541 1938 Bestechlichkeit‚
568 1873 760 1939 Erpressungen
779 1889 803 1925 u.
823 1873 885 1939 dgl,
903 1872 981 1923 deren
1004 1887 1031 1923 er
1055 1872 1110 1923 sich
1135 1871 1172 1922 als

91 1938 212 1990 Beamter
229 1941 255 1990 in
273 1938 323 1992 den
341 1941 483 1993 Provinzen
500 1942 572 1992 hatte
589 1941 707 2008 schuldig
725 1941 833 1993 macheu
850 1941 961 1991 konnen.

162 2009 333 2058 obseruantia
351 2009 610 2062 ‘Auimerksamkeit’.
628 2039 662 2048 —
680 2008 773 2072 officio
786 2007 1174 2074 ‘Dienstwilliglreit'.-tribue·

90 2074 147 2125 ‘auf
157 2075 298 2142 Rechnung
317 2077 436 2143 komme‘,
455 2077 592 2144 cigentlich
612 2077 776 2144 ‘gewidmet'‚
794 2077 899 2143 ‘gezollt
917 2076 1020 2128 werde'.

163 2164 189 2222 7.
211 2171 233 2219 1.
252 2171 284 2221 49
304 2186 328 2222 v.
339 2170 382 2221 Ch.
394 2201 422 2207 —
435 2175 531 2222 aetatis
549 2175 698 2220 uacatione.
721 2169 767 2220 llllit
785 2170 843 2221 dem
862 2173 953 2222 ddsten
971 2168 1117 2219 Jahrhdrte
1135 2167 1173 2216 ltir

90 2235 134 2287 die
152 2236 294 2288 romischen
314 2236 411 2304 Birger
429 2239 474 2288 mit
491 2239 639 2290 Ausnahme
662 2236 707 2288 der
730 2238 871 2289 Senatoren
890 2237 952 2301 jede
978 2235 1174 2302 Verpllichtung

45 2328 60 2347 κ
90 2305 318 2369 zupersdnlicher
336 2306 460 2358 Actlvitdt
478 2307 519 2357 1111
536 2306 585 2358 den
603 2305 676 2356 Staat
695 2306 746 2356 auf.

162 2388 291 2437 aequore
309 2390 444 2439 quoquam
461 2378 544 2425 mouit
563 2391 596 2424 eoa
614 2374 680 2423 urbe
699 2373 759 2423 ‘und
783 2372 852 2422 hlieh
874 2369 1053 2436 uubeweglich
1077 2369 1105 2419 in
1128 2369 1173 2420 der

89 2438 184 2490 Stndt'.
201 2469 236 2478 -
253 2440 366 2499 fucrant
382 2442 474 2494 drdckt
500 2459 548 2494 nur
570 2442 616 2492 das
639 2441 739 2493 luithere
764 2441 896 2491 Eintreten
924 2440 969 2489 des
994 2436 1172 2489 Bedtirinisses

90 2507 132 2558 als
151 2506 196 2558 des
214 2507 313 2560 Ceheus
332 2525 386 2560 aus.

164 2579 334 2628 coniunctum
361 2578 415 2629 ‘der
441 2579 493 2629 ihm
521 2577 587 2628 nahe
611 2576 703 2641 stand',
726 2577 787 2626 ‘ihm
812 2590 861 2642 eng
885 2574 1033 2626 verbunden
1052 2575 1120 2624 war'.
1140 2597 1173 2606 -·

89 2658 148 2694 uon
168 2644 282 2705 offendit
299 2646 378 2698 durch
397 2647 451 2698 sein
470 2645 584 2697 Bleilten.

162 2731 186 2779 2.
206 2737 391 2780 ornamentum
410 2729 633 2796 ‘Auszeichnung'.
651 2758 685 2766 —
704 2744 817 2794 quorum
832 2729 936 2793 partim
955 2727 1003 2778 wie
1017 2726 1074 2778 Dat.
1095 2729 1134 2791 10,
1147 2727 1171 2776 2.

90 2824 126 2833 -
146 2802 236 2847 eastra
254 2805 319 2848 sunt
336 2803 424 2849 secuti
441 2799 491 2850 wie
510 2799 573 2848 Cato
593 2800 616 2859 1,
635 2801 659 2850 2.
1263 2796 1266 2801 ’

100 2930 136 2982 ΚΤ
161 2880 266 2916 summa
292 2882 352 2917 cum
379 2870 435 2916 aius
462 2867 609 2928 offensione
637 2866 685 2916 wie
712 2864 776 2915 Mitt.
804 2867 836 2927 ’1,
862 2866 891 2928 4,
918 2863 978 2914 aber
1004 2862 1059 2913 hier
1086 2863 1173 2914 hesser

90 2934 97 2960 ‘
137 2932 258 2999 ankung’.

163 3022 185 3072 3.
205 3018 238 3069 Es
256 3018 333 3070 sollte
351 3018 453 3069 heisseu
474 3016 582 3068 Caesari
600 3022 688 3066 autem
706 3016 792 3065 Attict
809 3018 883 3081 quies
902 3020 1042 3080 tantopere
1060 3029 1085 3063 u,
1101 3029 1120 3064 s.
1141 3029 1172 3062 w.

91 3086 161 3137 Aber
178 3087 265 3153 Nepos
283 3086 372 3138 wollte
385 3086 465 3150 jeten
483 3085 622 3138 Gedanken
638 3084 693 3135 iem
711 3083 806 3148 hulten,
824 3084 862 3135 als
881 3083 948 3134 habe
965 3097 992 3133 es
1009 3081 1111 3131 Atticus
1130 3080 1172 3129 ab·

92 3153 213 3206 sichtlich
239 3155 286 3205 mit
312 3154 401 3205 keiner
418 3154 504 3205 Partei
530 3152 669 3204 verderben
688 3151 799 3216 wellen,
825 3153 874 3202 wie
899 3152 939 3202 die
956 3149 1091 3200 Wahrheit
1110 3163 1171 3199 war.

93 3220 175 3285 Quies
192 3222 283 3274 ‘stilles
302 3222 458 3288 Verhalten’,
476 3221 756 3286 ‘Nichtbetheiligung'‚
773 3219 950 3272 ιΝ111111111111.

163 3291 291 3357 epistulas
309 3290 539 3342 ‘Handschreiben’.
574 3289 620 3340 Die
644 3288 826 3356 Geldaullagen
851 3288 957 3339 wurden
982 3287 1014 3337 57
1032 3301 1058 3336 v.
1078 3284 1122 3335 Ch.
1141 3299 1173 3334 zu
1279 3332 1282 3339 1

92 3357 309 3479 Endeeogdddidcdii
332 3428 447 3492 aliquem
474 3427 559 3477 alicui
580 3425 730 3476 ‘Jemenden
754 3440 797 3475 um
821 3424 891 3476 eines
909 3422 1004 3474 andern
1023 3420 1110 3472 willen
1129 3421 1172 3472 hc·

93 3493 239 3561 gnadigen’.
266 3494 295 3556 Q.
315 3493 401 3547 Cicero
420 3494 473 3546 und
491 3494 536 3546 des
543 3494 644 3545 Atticus
653 3493 726 3544 Nede
744 3495 775 3558 (s.
794 3507 815 3544 c.
834 3497 858 3555 5,
878 3492 903 3555 3)
917 3489 1022 3541 wurdeu
1040 3492 1082 3541 51.
1092 3505 1116 3540 v.
1128 3488 1172 3540 Ch.

92 3561 160 3614 ohne
180 3563 224 3614 des
243 3563 343 3615 Atticus
360 3563 471 3615 Einlluss
489 3561 637 3630 begnadigt.
657 3590 690 3599 —
707 3565 831 3610 instituto
849 3559 1018 3611 ‘Grundsatz’.

163 3649 191 3710 8.
221 3659 242 3707 1.
271 3656 342 3706 illud
366 3658 445 3720 ‘jener
469 3655 599 3718 Zustaud'‚
625 3657 658 3706 44
681 3669 706 3704 v.
731 3652 775 3704 Ch.
793 3682 829 3691 -
846 3653 961 3703 Brutos:
991 3651 1035 3702 der
1060 3650 1171 3701 hernach

91 3722 159 3773 oster
178 3723 308 3775 erwtihnte
325 3723 359 3776 ld.
379 3724 472 3775 Brutus
491 3723 543 3776 und
561 3724 588 3775 D.
607 3722 715 3786 Brutus,
738 3722 784 3772 mit
802 3723 904 3773 Cassius
929 3720 970 3771 die
988 3719 1100 3785 Hdupter
1126 3718 1171 3768 der

94 3791 301 3858 Verschwdrung
319 3808 402 3859 gegen
421 3793 505 3845 Cesar.

147 3891 263 3932 Cornellus
277 3893 357 3943 Nepos.
386 3895 407 3935 6·
421 3893 479 3934 Auli.
986 3891 1014 3938 11
