2580 4372
489 189 507 240 1.
533 157 710 240 urcitanus.
729 192 753 240 5.
772 170 857 241 s·
968 178 972 193 '
1138 184 1175 244 15

107 359 208 420 hostes
229 361 328 420 eadem
351 377 384 419 re
406 359 468 419 lore
489 358 642 432 tardiores,
665 359 688 419 si
718 359 981 421 animadverterent
1002 363 1103 423 auderi
1125 363 1175 422 ad-

107 463 209 506 versus
231 464 262 506 se
284 453 341 504 tam
364 443 476 522 exiguis
497 443 591 522 copiis
613 444 752 505 dimicari.
796 443 859 504 Hoc
880 445 910 504 in
939 452 1072 526 tempore
1095 447 1207 510 nulla5

108 530 207 590 civitas
223 528 452 591 Atheniensibus
474 529 580 589 auxilio
595 528 651 590 luit
672 536 788 608 praeter
808 528 1002 593 Plataeenses.
1032 532 1073 592 Ea
1095 532 1174 592 mille

108 615 187 675 misit
208 613 343 675 militum.
373 614 477 692 ltaque
498 614 605 673 horum
627 615 752 674 adventu
775 614 874 675 decem
896 614 975 676 milia
997 624 1174 676 armatorum

108 700 254 778 completa
269 705 354 773 sunt;
370 718 444 777 quae
459 717 564 758 manus
578 698 703 759 mirabili
725 699 864 776 flagrabat
885 701 1038 778 pugnandi
1059 701 1174 779 eupidi-

107 795 177 846 tate.
214 783 278 854 Quo
301 785 409 844 factum
432 793 485 859 est,
508 783 623 862 utplus
639 802 725 862 quam
742 784 870 861 collegae
892 783 1034 846 Miltiades
1056 786 1170 847 valeret.
1188 790 1203 839 2

107 870 180 930 Eius
202 887 272 947 ergo
295 868 466 931 auctoritate
488 866 608 947 impulsi
630 868 823 930 Athenienses
845 869 943 947 copias
959 890 994 932 ex
1017 870 1090 931 urbe
1103 870 1174 931 edu-

106 961 213 1016 xerunt
235 954 361 1032 locoque
383 953 490 1014 idoneo
512 961 605 1014 castra
634 955 777 1015 fecerunt.
821 954 896 1014 Dein
919 965 1036 1034 postero
1051 955 1097 1016 die
1119 955 1204 1016 sub3

106 1039 215 1099 montis
230 1038 377 1099 radicibus
388 1038 449 1099 acie
464 1038 585 1117 regione
600 1038 743 1099 instructa
757 1058 817 1099 non
833 1040 1014 1117 apertissima
1028 1041 1174 1119 proelium

107 1123 317 1184 commiserunt
333 1127 472 1201 (namque
486 1123 607 1184 arbores
621 1123 721 1184 multis
735 1124 808 1184 locis
820 1132 904 1184 erant
917 1127 1021 1200 rarae),
1033 1126 1089 1185 hoe
1101 1144 1174 1184 con-

106 1208 181 1284 silio,
194 1216 227 1269 ut
238 1217 268 1268 et
277 1209 421 1269 montium
432 1208 585 1269 altitudine
599 1217 772 1287 tegerentur
786 1215 815 1269 et
828 1209 966 1270 arborum
980 1217 1074 1270 tractu
1090 1210 1174 1293 equi-

106 1302 183 1354 tatus
205 1294 333 1354 hostium
356 1293 556 1372 impediretur,
577 1313 615 1355 ne
629 1293 817 1354 multitudine
841 1294 1055 1356 clauderentur.
1093 1295 1203 1355 Datist
1284 1300 1289 1309 '

106 1378 161 1439 etsi
176 1397 237 1439 non
252 1397 378 1457 aequum
392 1379 490 1438 locum
505 1379 618 1440 ridebat
633 1379 703 1452 suis,
719 1387 817 1439 tamen
831 1379 924 1440 fretus
938 1398 1063 1440 numero
1074 1380 1174 1458 copia-

107 1482 173 1524 rum
188 1482 308 1524 suarum
324 1463 484 1541 confligere
500 1463 638 1543 cupiebat
653 1482 747 1542 eoque
762 1464 870 1540 magis,
886 1466 981 1542 quod,
1001 1465 1172 1543 priusquam

106 1549 329 1609 Lacedaemonii
344 1549 474 1609 subsidio
490 1549 634 1622 venirent,
650 1549 787 1609 dimicare
802 1548 874 1608 utile
888 1548 1091 1612 arbitrabatur.
1115 1550 1172 1610 lta-

107 1652 165 1711 que
192 1633 223 1693 in
246 1634 336 1695 aciem
359 1633 490 1712 peditum
506 1641 634 1707 eentum,
659 1634 789 1711 equitum
813 1633 911 1693 decem
933 1634 1014 1694 milia
1035 1634 1173 1712 produxit

106 1718 312 1797 proeliumque
328 1718 481 1778 commisit.
504 1719 537 1779 ln
551 1737 610 1797 quo
621 1727 702 1778 tanto
719 1718 785 1796 plus
795 1719 901 1778 virtute
916 1720 1069 1779 valuerunt
1084 1719 1173 1778 Athe·
1188 1724 1203 1773 5

106 1802 234 1878 cieuses
251 1810 284 1863 ut
297 1802 505 1882 decemplicem
521 1822 678 1864 numerum
693 1801 820 1864 hostium
844 1803 1028 1881 profligarint
1041 1804 1173 1882 adeoque

106 1889 331 1966 periermerint,
352 1897 385 1948 ut
405 1888 511 1950 Persae
533 1908 594 1950 non
617 1897 726 1961 castra,
748 1888 799 1948 sed
821 1906 907 1949 naves
929 1888 1078 1966 petierint.
1110 1888 1172 1959 Qua
1220 1920 1222 1924 ·

105 1990 206 2052 pugna
221 1972 294 2034 nihil
308 1973 404 2034 adhuc
419 1974 528 2035 exstitit
542 1973 680 2034 nobilius.
701 1973 786 2033 Nulla
802 1973 880 2034 enim
892 1992 1030 2051 umquam
1042 1981 1101 2032 tam
1112 1973 1172 2033 exi·
1193 2005 1195 2008 ⁴

106 2075 162 2135 gua
177 2076 282 2118 manus
295 2065 390 2119 tantas
405 2077 476 2139 opes
490 2059 656 2138 prostravit.

192 2143 281 2203 Cuius
292 2144 430 2205 victoriae
442 2162 501 2204 non
513 2143 642 2205 alienum
653 2143 768 2203 ridetur
779 2143 865 2220 quale
880 2142 1042 2221 praemium
1052 2141 1172 2202 Miltiadi
1186 2144 1205 2204 6

104 2228 142 2287 sit
156 2227 299 2288 tributum
314 2228 429 2304 dooere,
446 2249 504 2308 quo
519 2228 634 2290 facilius
650 2227 779 2304 intellegi
794 2227 888 2306 possit
903 2228 1025 2288 eandem
1040 2227 1171 2289 omnium

106 2409 250 2474 derbem,
268 2411 332 2462 nach
351 2413 392 2462 ein
410 2411 565 2478 abhingiger
583 2410 642 2464 Satn
660 2411 702 2475 ist,
720 2427 749 2462 so
767 2411 835 2460 kann
852 2410 1042 2472 indemselben,
1062 2425 1135 2461 wenn
1145 2425 1172 2461 er

106 2478 146 2528 ein
165 2478 269 2531 anderes
280 2480 391 2543 ,subject
408 2478 452 2531 hat
469 2480 507 2531 als
526 2479 570 2532 das
588 2494 614 2530 re
634 2478 735 2529 ierende
754 2478 872 2542 Verbum,
891 2477 935 2527 das
953 2477 1057 2541 Subject
1075 2477 1120 2528 des
1134 2493 1172 2528 re-

106 2546 241 2612 gierenden
268 2544 393 2599 Verbums
420 2547 484 2599 auch
503 2547 580 2600 durch
609 2495 654 2598 elas
680 2545 869 2598 Demonstrativ
887 2545 1037 2597 bezeichnet
1061 2545 1170 2596 werden.

43 2644 59 2684 ·.
104 2613 163 2680 Vgl.
180 2629 212 2664 zu
231 2613 318 2666 Them.
338 2618 363 2680 8,
380 2619 403 2668 3.
425 2615 495 2667 Doeh
512 2616 545 2667 ist
563 2615 617 2667 dies
626 2618 737 2666 eusserst
754 2615 844 2666 selten.
869 2613 956 2665 Gleich
973 2612 1084 2664 hernach
1095 2613 1172 2665 heisst

105 2697 132 2732 es
150 2682 316 2804 regelm'dssig
334 2684 460 2734 aduersus
477 2701 512 2734 se.
529 2713 563 2722 —
582 2683 713 2734 tardiores
731 2681 917 2748 ‘beddchtiger'.

196 2789 201 2801 .
224 2754 244 2802 l.
266 2749 377 2816 Tempus
395 2750 449 2802 hier
466 2751 515 2802 ‘die
532 2752 616 2818 hage,
634 2750 752 2815 ‘Gelahr',
770 2749 868 2802 welche
887 2749 926 2801 die
944 2748 999 2807 Zeit
1016 2749 1127 2800 braehte.

172 2818 245 2868 mille
262 2818 306 2881 (im
324 2819 470 2871 Nominativ
488 2837 512 2872 u.
531 2819 677 2883 Accusativ)
696 2817 893 2870 substantiviseh
909 2818 944 2869 ist
957 2817 1046 2868 selten.

174 2888 377 2937 saecuritate
403 2887 494 2940 ‘Ratun
513 2916 546 2926 —
565 2891 589 2940 3.
616 2889 663 2937 sui
690 2887 833 2937 radicibus.
869 2885 925 2935 Wir
952 2886 1000 2935 ‘am
1024 2886 1119 2936 Fusse'.
1140 2913 1171 2921 —

105 2951 232 3006 Verbinde
259 2958 315 3004 acie
342 2958 473 3006 instructa
499 2954 551 3006 und
578 2958 687 3021 regione
712 2971 766 3005 non
796 2957 972 3020 apertissimo.
1000 2982 1032 2990 -
1057 2969 1172 3017 auraque

105 3034 130 3071 u.
149 3035 168 3072 s.
186 3029 221 3073 w.
240 3021 310 3087 geht,
327 3024 377 3075 wie
395 3023 467 3087 dher,
485 3023 530 3074 aui
544 3023 590 3074 das
608 3021 765 3074 Entlerntere
783 3021 890 3082 zurdch;
909 3021 963 3071 hier
985 3024 1095 3085 regione
1117 3036 1171 3070 non

105 3091 283 3153 apertissime.

103 3221 129 3274 ‘s
173 3173 260 3275 panop
270 3157 391 3210 verbinde
415 3158 461 3209 mit
479 3160 595 3223 arbores,
612 3159 718 3210 ‘einzeln
744 3158 866 3210 slehende
889 3157 1000 3208 Biiume'.
1020 3185 1052 3194 -
1072 3161 1169 3218 tractu,

133 3223 203 3276 trie'
230 3231 236 3253 ‘
261 3226 330 3277 eite'.

172 3296 197 3344 4.
207 3264 325 3343 ’numero
344 3293 378 3344 ist
396 3293 440 3345 der
448 3294 563 3345 Ablativ:
582 3294 625 3345 der
634 3293 708 3344 llaiiv
718 3291 841 3344 stehtvor
850 3291 934 3343 Livius
947 3291 1017 3342 nieht
1026 3290 1068 3340 bei
1076 3288 1169 3349 fretus.

172 3363 196 3412 5.
214 3362 398 3426 profligarint.
434 3360 520 3428 Nepos
538 3362 678 3428 gebraucht
694 3361 720 3412 in
739 3361 904 3428 Folges‘itzen
924 3360 988 3410 nach
1012 3359 1092 3409 einem
1110 3357 1170 3410 Pra-

104 3428 215 3492 teritum‚
232 3444 307 3495 werin
326 3430 425 3481 sowohl
444 3429 488 3482 das
506 3430 605 3497 imperi.
624 3431 660 3482 als
679 3430 724 3481 das
741 3428 805 3479 Peri.
817 3428 887 3491 Gonj.
906 3426 1016 3492 zuliissig
1034 3425 1098 3489 sind,
1109 3427 1171 3477 letz-
1230 3432 1233 3437 ’

36 3557 38 3562 .
103 3500 169 3547 teres
186 3497 367 3549 mitllorliebe.
393 3497 531 3550 llierdureh
549 3497 611 3548 wird
630 3497 809 3563 dasEreigoiss
828 3495 1008 3560 allgemeinals
1020 3494 1171 3560 geschehen‚

105 3562 175 3614 nicht
199 3565 268 3616 bloss
295 3565 320 3615 iu
339 3565 425 3631 Bezug
451 3566 495 3617 aul
518 3565 558 3617 die
579 3566 636 3619 Zeit
660 3566 704 3617 der
721 3564 856 3628 Handlung
880 3562 924 3614 des
942 3562 1110 3629 flauptsatzes
1127 3562 1170 3614 be-

103 3630 244 3714 zeiclmet..
260 3630 389 3727 οῘΙΛιῐξηημξ
409 3633 712 3728 5021Anm.,llledvig‘§
731 3634 779 3684 382
799 3633 872 3718 hum.
894 3635 915 3682 1.
944 3667 946 3670 -

173 3706 362 3823 &belsllfflloebgt’u
369 3701 604 3820 Iguiallssggibffle’e
611 3698 989 3834 1ilablialrigg‘isgdbtblbeIbidemium)
1007 3765 1170 3831 queleproe-

103 3838 188 3885 mium
206 3835 329 3913 Millipdi
346 3839 474 3888 tributum
492 3841 533 3899 sil,
552 3853 606 3888 non
625 3838 741 3887 eliensem
760 3836 864 3886 videtur
883 3835 982 3887 docere.

268 3904 333 3984 hoe
