2580 4372
277 141 351 222 amr.
368 170 541 224 aiuncurt.
559 172 584 223 4.
619 170 704 224 xmn.
721 171 894 224 naamam.
915 177 937 224 1.
1085 164 1146 229 137

10 404 14 421 ‚
72 361 190 405 morum
204 342 370 406 Hasdrubal
385 363 453 405 cum
469 362 504 404 eo
518 354 666 408 vetaretur
680 364 754 407 esse.
785 343 861 406 Huic
881 343 930 405 ille
952 345 1041 407 liliam
1062 364 1145 407 suam

73 429 104 490 in
118 430 339 492 matrimonium
354 429 450 504 dedit,
471 431 552 507 quod
572 431 706 492 moribus
720 448 824 492 eorum
845 449 906 490 non
923 438 1038 510 poterat
1052 431 1144 491 inter·

73 513 130 575 dici
151 534 256 576 socero
280 533 399 594 genero.
442 514 485 576 Dc
508 517 566 578 hoc
593 517 659 578 ideo
687 515 869 577 mentionem
897 516 1036 591 fecimus,
1065 518 1174 595 quoda

71 598 238 662 Hamilcare
253 601 351 662 occiso
366 600 416 661 ille
430 601 572 663 exercitui
587 602 715 680 praefuit
735 619 843 680 resque
864 619 985 679 magnas
1006 601 1097 679 gessit
1117 610 1146 662 et

72 685 215 765 princeps
234 685 394 765 largitione
411 694 541 747 vetustos
566 687 707 768 pervertit
732 704 830 747 mores
857 686 1143 765 Carthaginiensium

73 770 266 850 eiusdemque
280 778 488 852 postmortem
503 771 649 833 Hannibal
664 772 700 833 ab
711 771 840 833 exercitu
850 772 965 851 accepit
976 771 1143 851 imperium.
1247 828 1249 833 .

159 859 197 920 At
217 856 364 920 Hamilcar
388 863 580 935 posteaquam
608 876 688 918 mare
714 857 831 919 transiit
858 858 889 918 in
912 855 1177 937 Hispaniamque4

72 942 162 1017 veuit,
183 960 304 1021 magnas
326 960 374 1003 res
388 943 518 1003 secunda
533 942 623 1021 gessit
643 942 762 1003 fortuna
769 961 778 1018 ;
801 943 940 1003 maximas
954 942 1144 1003 bellicosissi-

70 1044 195 1106 masque
209 1034 313 1105 gentes
328 1026 460 1106 subegit3
484 1028 578 1106 equis,
594 1028 692 1103 omnic,
708 1028 787 1103 viris,
803 1028 939 1107 pecunia,
955 1035 1045 1089 totam
1059 1028 1144 1088 locu-

69 1111 190 1192 pletavit
202 1112 340 1175 hlricam.
369 1112 426 1173 Hic
440 1131 507 1174 cum
523 1113 554 1173 in
570 1112 682 1175 ltaliam
695 1112 805 1175 heHnm
820 1114 930 1175 inferre
945 1113 1144 1188 meditaretur,
1159 1116 1175 1168 2

71 1215 152 1258 nono
168 1217 258 1273 anno,
274 1204 431 1276 postquam
447 1199 477 1258 in
493 1198 665 1278 Hispaniam
679 1207 808 1281 venerat,
825 1199 855 1259 in
877 1198 991 1278 proelio
1007 1216 1145 1277 pugnans

70 1283 210 1344 adversus
225 1283 365 1344 Vettones
380 1282 496 1344 occisus
513 1292 566 1344 est.
588 1282 685 1344 Huius
700 1293 878 1363 perpetuum
889 1284 989 1344 odium
1005 1302 1073 1361 erga
1084 1283 1144 1343 Ro·
1159 1287 1175 1338 3

70 1385 176 1429 manos
189 1367 315 1429 maxime
331 1369 495 1430 concitasse
516 1369 631 1430 videtur
652 1369 816 1430 secundum
838 1369 951 1430 hellum
971 1369 1144 1429 Poenicum.
1227 1416 1233 1431 .

70 1451 205 1532 Namque
220 1453 376 1529 Hannibal,
391 1453 470 1514 lilius
486 1455 559 1528 eius,
581 1454 706 1515 assiduis
728 1455 820 1533 patris
842 1454 1087 1516 obtestationibus
1110 1472 1145 1514 eo

75 1546 120 1599 est
133 1539 306 1617 perductus,
328 1546 362 1599 ut
377 1540 499 1601 interire
521 1558 609 1618 quam
631 1539 781 1601 Romanos
804 1559 865 1601 non
890 1539 1016 1619 experiri
1037 1539 1145 1600 mallet.
1250 1544 1253 1549 '

430 1655 515 1707 lllllll.
549 1655 786 1707 HANNIBAL.

157 1740 318 1812 Hnnnman,
334 1742 507 1804 Hamilcaris
520 1743 608 1818 filius,
626 1742 884 1822 Carthaginiensis.
916 1741 947 1803 Si
969 1757 1070 1802 verum
1091 1748 1145 1816 est,

74 1826 155 1906 quod
170 1844 257 1887 nemo
273 1826 396 1903 dubitat,
419 1836 453 1888 ut
467 1827 597 1907 populus
618 1828 770 1889 Romanus
792 1846 895 1888 omnes
916 1833 1017 1906 gentes
1038 1826 1146 1886 virtute

72 1912 229 1992 superarit,
247 1931 309 1974 non
325 1921 370 1974 est
385 1913 571 1975 infitiandum
587 1912 782 1974 Hannibalem
797 1920 879 1973 tanto
894 1911 1074 1991 praestitisse
1097 1930 1145 1972 ce-

70 2004 152 2058 teros
166 1997 360 2076 imperatores
374 1998 542 2078 prudentia,
559 2007 670 2077 quanto
685 2002 816 2078 populus
830 1990 981 2058 Romanus
993 1997 1147 2057 antecedat

68 2081 243 2143 fortitudine
259 2092 380 2145 cunctas
395 2083 539 2145 nationes.
568 2084 641 2145 Nam
658 2084 903 2164 quotiescumque
927 2099 994 2143 cum
1016 2101 1051 2142 eo
1074 2087 1176 2142 con-t

71 2185 193 2246 gressus
208 2167 297 2228 estin
313 2168 404 2244 ltalia,
420 2187 537 2248 semper
552 2169 687 2230 discessit
701 2169 848 2249 superior.
879 2168 965 2240 Quod
986 2167 1043 2229 nisi
1066 2167 1146 2227 domi

139 2349 230 2385 socero
248 2335 281 2386 ist
298 2333 343 2386 der
360 2334 472 2399 Ablativ‚
487 2349 588 2399 genero
607 2335 652 2386 der
668 2334 753 2400 Dativ‚
771 2335 801 2386 da
820 2351 847 2387 es
871 2334 963 2385 vorher
981 2333 1062 2384 heisst
1079 2334 1146 2384 Hos·

71 2401 173 2454 drutal
194 2418 254 2454 oum
278 2419 307 2453 eo
330 2408 467 2453 vetaretur
493 2419 555 2457 eece.
590 2403 743 2455 Uehersetze
770 2403 837 2455 ‘dem
862 2401 1074 2468 Schwlegersohn
1101 2401 1146 2453 der

69 2470 189 2537 Umgaug
206 2469 251 2522 des
268 2469 519 2537 Schwiegervaters'.

141 2541 164 2591 3.
182 2537 324 2590 Hasdrubal
340 2554 395 2590 war
412 2541 545 2591 229-221
565 2555 590 2589 v.
609 2537 654 2589 Ch.
673 2537 800 2590 Feldherr.
826 2536 872 2589 Die
889 2535 1088 2588 Nachrichtvon
1101 2534 1146 2586 der

70 2606 152 2659 durch
169 2606 212 2658 ihu
230 2607 342 2673 gedbten
359 2607 521 2673 Bestechung
538 2607 573 2658 ist
590 2606 788 2673 unzuverl'assig.

140 2671 168 2729 4.
189 2679 211 2728 t.
229 2677 295 2726 viris
312 2675 353 2727 liu
370 2675 415 2728 das
433 2675 506 2726 Heer.
525 2705 559 2712 —
577 2677 601 2727 2.
619 2675 669 2725 Hic
687 2674 737 2727 wie
755 2675 802 2741 hg.
828 2677 857 2738 4,
882 2677 904 2725 1.
929 2702 963 2709 -
980 2675 1010 2722 in
1030 2671 1145 2721 ltaliam.

70 2743 225 2795 Uebersetze
242 2742 317 2794 ‘nach
323 2743 413 2795 ltalieu
431 2759 463 2795 zu
480 2744 592 2810 tragen’:
611 2742 651 2795 die
669 2742 846 2809 gewdhnliche
855 2739 1020 2806 Verhindung
1033 2739 1079 2790 mit
1088 2739 1146 2791 dem

70 2810 146 2863 Dativ
164 2812 232 2862 wire
251 2811 347 2863 ‘ltalien
366 2828 397 2863 zu
415 2810 567 2878 hekriegen'.

69 2875 1148 3069 331thtatatttdtm‘hlttttttt”ttthltlttlttltt

141 3053 165 3136 N.
193 3098 259 3149 erga
276 3082 327 3134 wie
344 3081 400 3137 Alc.
413 3085 439 3148 t,
456 3085 480 3134 4.
498 3109 532 3120 -
556 3084 678 3148 ceper-tri
701 3081 818 3146 aliquem
841 3080 904 3132 ‘sich
928 3079 974 3130 mit
997 3077 1146 3130 Jemandem

70 3152 191 3205 messem.

540 3216 678 3268 Hauumuc.

144 3300 213 3359 1.1.
237 3301 320 3353 Heber
337 3299 387 3352 den
404 3300 506 3367 Anlaug
529 3317 561 3353 au
579 3300 667 3353 Them.
688 3303 710 3364 1,
731 3301 753 3349 1.
771 3327 806 3335 -
823 3299 902 3363 quod.
937 3298 986 3350 Der
1008 3299 1147 3349 Accusativ

70 3372 112 3424 hir
130 3371 162 3422 de
179 3371 226 3421 mit
243 3368 301 3421 dem
323 3368 428 3420 Ahlativ
451 3368 520 3420 kann
544 3386 592 3421 nur
615 3384 675 3420 vom
694 3366 817 3418 Neutrum
841 3365 911 3417 eines
933 3365 1090 3418 Pronomens
1114 3382 1146 3418 au

72 3440 165 3491 dubito
183 3441 282 3505 gesetzt
299 3436 410 3489 werden.
446 3435 504 3505 Vgl.
520 3438 567 3504 Ep.
586 3441 612 3502 4,
630 3442 654 3491 t.
690 3434 759 3488 Statt
775 3439 808 3486 ut
830 3433 895 3486 nach
917 3450 1008 3484 oerum
1032 3439 1071 3484 est
1094 3433 1145 3486 und

72 3507 209 3560 ahalichen
232 3504 401 3558 Ausdrhckeu
424 3504 459 3556 ist
485 3506 529 3557 der
552 3505 599 3558 lul.
624 3505 686 3557 oder
709 3505 770 3556 Acc.
789 3518 809 3553 c.
828 3502 875 3554 lni.
894 3501 1017 3569 hhufiger.
1053 3502 1146 3571 Zumpt

71 3576 89 3643 ᾖ
107 3578 166 3639 623,
183 3572 289 3641 Madvig
304 3576 320 3638 ξ
338 3576 388 3626 att
405 3571 479 3626 llum.
498 3577 522 3629 2.

141 3647 242 3694 virtute
267 3643 405 3708 superarit
429 3640 518 3695 ‘durch
547 3639 696 3707 'laplerlreit
724 3637 898 3689 riberwunden
920 3637 989 3703 hat’,
1014 3637 1084 3690 nicht
1106 3643 1146 3690 ‘an

72 3710 223 3779 'l‘aplerlreit
244 3709 400 3762 dhertroffeu
422 3709 484 3763 hat'.
506 3739 540 3749 -
558 3709 704 3760 antecedat.
739 3704 790 3758 Iler
807 3705 959 3770 Conjunctiv
984 3721 1075 3774 wegen
1101 3705 1147 3757 des

70 3779 173 3903 Αοο26.
191 3779 276 3911 Hgml,
292 3843 421 3911 ‘deheim',
439 3843 560 3907 wdhrend
578 3858 605 3895 er
621 3843 655 3894 im
672 3842 750 3895 Felde
768 3855 830 3908 war,
846 3841 931 3894 indem
941 3856 999 3893 man
1016 3841 1060 3893 ihu
1078 3839 1148 3892 nicht
