2580 4372
418 166 423 175 “
449 180 522 233 xnu
540 180 702 235 narinus.
722 186 761 235 ιο.
1104 174 1144 238 87
1221 148 1224 153 ’

71 353 240 415 interficere
262 351 385 427 studuit3
409 371 482 432 quas
504 353 552 414 ille
574 354 731 433 plerasque
754 353 878 416 evitavit.
916 355 1008 429 Sicut,
1033 372 1101 415 oum
1116 354 1173 415 eit

72 439 244 500 nuntiatum
268 447 345 499 esset
360 439 502 521 quosdam
517 439 574 499 sihi
594 439 743 513 insidiari,
765 439 817 517 qui
838 440 869 501 in
885 440 1047 500 amicorum
1062 447 1146 500 erant

71 541 209 585 numero.
239 523 282 584 De
298 522 406 601 quihus
422 524 500 602 quod
514 523 628 585 inimici
643 523 823 599 detulerant,
846 544 944 604 neque
966 525 1146 586 credendum

72 626 172 687 neque
186 608 403 687 neglegendum
418 609 543 688 putavit:
560 610 688 688 experiri
702 608 804 683 voluit,
819 629 921 671 verum
933 611 1077 671 falsumne
1089 609 1145 671 sihi

71 702 151 755 esset
165 695 300 755 relatum.
326 693 428 772 ltaque
444 713 478 754 eo
494 695 643 774 proiectus
659 702 714 769 est,
728 695 759 755 in
776 714 835 774 quo
851 695 955 757 itinere
970 696 1084 756 luturas
1099 696 1176 757 in·3

72 778 162 840 sidias
183 779 325 840 dixerant.
371 778 429 840 Sed
451 779 539 857 elegit
560 798 685 860 corpore
707 798 741 840 ac
769 788 880 841 statura
902 781 1084 841 simillimum
1099 781 1145 841 sui

71 863 161 943 eique
175 864 312 926 vestitum
328 881 414 925 suum
430 864 510 924 dedit
524 873 611 944 atque
627 884 662 926 eo
677 865 743 925 loco
759 865 812 940 ire,
825 885 884 945 quo
899 866 963 946 ipse
978 874 1145 938 consuerat,

73 947 170 1010 iussit.
199 949 267 1029 lpse
287 957 386 1011 autem
407 958 514 1011 ornatu
528 951 694 1029 vestituque
717 950 835 1010 militari
850 952 928 1012 inter
943 951 1077 1030 corporis
1093 969 1145 1010 cu·

73 1033 175 1097 stodes
186 1035 242 1096 iter
252 1035 348 1095 lacere
360 1035 466 1113 coepit.
490 1037 527 1095 ht
538 1035 736 1110 insidiatores,
748 1045 907 1115 postquam
923 1037 953 1097 in
968 1055 1035 1097 eum
1047 1037 1146 1096 locum
1162 1043 1177 1093 4

74 1136 183 1197 agmen
197 1119 346 1199 pervenit,
370 1120 484 1199 decepti
507 1121 610 1181 ordine
632 1127 719 1198 atque
741 1121 846 1181 vestitu
867 1120 1010 1200 impetum
1031 1122 1063 1181 in
1079 1139 1147 1181 eum

73 1204 203 1278 faciunt,
229 1205 280 1284 qui
305 1204 478 1283 suppositus
504 1214 574 1266 erat.
616 1205 801 1266 Praedixerat
823 1213 922 1267 autem
944 1207 979 1266 iis
1002 1206 1146 1278 Datames,

71 1307 144 1350 cum
153 1290 263 1369 quihus
273 1289 329 1350 iter
339 1289 471 1365 iaciebat,
484 1298 516 1350 ut
528 1291 621 1370 parati
634 1298 732 1352 essent
742 1291 847 1369 lacere,
860 1292 940 1369 quod
950 1292 1048 1370 ipsum
1059 1290 1147 1350 vidis·

75 1383 153 1436 seut.
183 1376 265 1454 lpse,
288 1384 321 1435 ut
343 1376 549 1436 concurrentis
574 1376 760 1436 insidiatores
783 1377 914 1437 animum
935 1376 1067 1450 advertit,
1091 1375 1176 1436 tela5

72 1458 105 1520 in
118 1478 170 1522 eos
181 1460 317 1521 coniecit.
341 1459 405 1519 Hoc
413 1460 491 1521 idem
502 1479 569 1521 cum
581 1460 710 1522 universi
720 1461 870 1536 fecissent,
888 1462 1061 1541 priusquam
1077 1478 1146 1539 per-

72 1545 212 1606 venirent
226 1544 262 1605 ad
277 1563 354 1619 eum,
372 1564 461 1624 quem
475 1547 593 1624 aggredi
608 1545 753 1620 volebant,
770 1547 877 1607 confixi
894 1547 1097 1607 conciderunt.

160 1630 216 1691 Hic
244 1639 343 1691 tamen
372 1639 432 1690 tam
457 1631 579 1691 callidus
600 1632 645 1690 vir
667 1640 796 1691 extremo
823 1639 956 1711 tempore
979 1639 1081 1711 captus
1104 1632 1198 1693 est10

74 1714 261 1790 Mithridatis,
278 1715 483 1777 Ariobarzanis
497 1716 560 1791 lilii,
576 1716 652 1776 dolo.
675 1715 808 1794 Namque
824 1716 848 1775 is
864 1717 1013 1795 pollicitus
1029 1725 1073 1776 est
1085 1715 1147 1792 regi

75 1818 108 1861 se
130 1820 198 1862 eum
219 1800 461 1875 interfecturum,
484 1802 508 1861 si
525 1802 551 1862 ei
574 1820 625 1860 rex
646 1800 842 1879 permitteret,
866 1810 914 1876 ut,
938 1801 1148 1880 quodcumque

73 1885 171 1960 vellet,
186 1886 288 1946 liceret
302 1887 424 1966 impune
438 1887 545 1961 lacere,
566 1887 713 1964 fidemque
735 1885 771 1946 de
793 1904 825 1945 ea
848 1904 880 1947 re
894 1904 977 1946 more
991 1886 1148 1947 Persarum

74 1969 176 2032 dextra
191 1970 327 2032 dedisset.
358 1970 441 2033 Hanc
457 1981 490 2033 ut
505 1972 619 2051 accepit
633 1991 650 2031 a
665 1990 734 2050 rege
748 1970 877 2046 missam,
900 1973 1001 2050 copias
1022 1979 1105 2050 parat
1121 1978 1178 2031 eta

143 2105 167 2155 ἓ.
186 2104 271 2168 Sicut,
289 2104 365 2156 naiml.
384 2108 500 2154 aenaria.
518 2134 552 2141 —
570 2107 622 2155 siti
638 2105 688 2156 wie
707 2109 730 2161 8.
749 2109 763 2156 3
783 2108 865 2155 irase.

144 2175 249 2222 ireima'ct
264 2171 327 2224 ‘ihre
345 2172 455 2224 Feinde’.
489 2172 564 2224 Diese
581 2173 669 2224 hiitten
687 2174 724 2224 sie
748 2172 911 2224 verlaumden
936 2171 1053 2223 hdnnen:
1079 2171 1149 2223 dess-

74 2239 136 2291 halh
153 2241 247 2292 meinte
265 2255 337 2292 eres
355 2240 425 2292 nicht
442 2241 508 2292 ohne
526 2240 650 2292 Weiteres
669 2240 780 2307 glauben
798 2256 829 2292 zu
853 2241 964 2292 missen.
1000 2239 1149 2304 Noglogera

73 2308 238 2360 ‘unheachtet
254 2308 355 2361 lassen'.

146 2379 169 2428 3.
194 2381 223 2427 in
242 2392 293 2442 quo
318 2380 415 2427 itinere
439 2375 492 2427 ‘aul
507 2376 566 2427 dem
585 2377 665 2443 Wege
682 2375 785 2426 wohin’.
820 2376 846 2428 S.
864 2390 971 2426 zucam
989 2374 1064 2426 Paus.
1083 2377 1107 2438 4,
1125 2377 1149 2426 6.

75 2471 110 2481 -
129 2451 228 2496 ornata
245 2444 390 2512 ‘Rhstuug'.
408 2474 442 2482 -
459 2445 573 2494 metatore
590 2444 668 2496 ‘eines
687 2444 839 2510 (gemeinen)
857 2442 995 2495 Soldaten’.

145 2517 169 2566 4.
189 2513 361 2564 insidiatores
378 2514 511 2564 iihersetze
530 2517 582 2564 erst
599 2512 656 2573 ‘die‚
674 2511 773 2563 welche
797 2511 856 2564 dass
873 2513 991 2561 Attentat
1014 2509 1148 2562 beahsich-

76 2580 179 2648 tigten',
194 2581 263 2632 daun
281 2583 307 2648 (ξ
326 2583 352 2646 5)
371 2581 428 2645 uie,
446 2581 545 2632 welche
562 2581 596 2632 im
613 2580 756 2631 Hinterhalt
773 2580 864 2646 lagen.

146 2653 175 2700 in
193 2666 253 2700 azam
271 2651 365 2701 locum.
400 2649 450 2700 Das
468 2649 611 2700 Pronomen
628 2649 662 2700 ist
688 2649 758 2699 nicht
782 2663 846 2714 ganz
872 2661 954 2713 genau
979 2649 1091 2711 gesem,
1118 2644 1150 2695 da

76 2716 148 2770 nicht
167 2717 210 2769 der
228 2716 281 2783 Ort,
298 2734 340 2769 wo
359 2717 403 2768 das
421 2719 538 2768 Attentat
555 2717 699 2784 geschehen
717 2716 802 2779 sollte,
821 2716 931 2768 sondern
949 2730 996 2766 nur
1014 2713 1058 2765 der
1077 2713 1151 2780 Weg,

77 2785 124 2836 aul
139 2786 196 2837 dem
214 2785 296 2839 dieser
314 2785 362 2847 Ort
376 2785 428 2850 lag,
445 2785 538 2838 vorher
556 2785 670 2837 erwahnt
687 2785 728 2836 ist.
808 2831 810 2836 .

105 2921 126 2972 d
147 2870 207 2905 mem
225 2856 329 2920 quibus.
356 2851 382 2905 S.
400 2869 432 2905 zu
450 2853 513 2904 mitt.
534 2857 557 2919 l,
576 2857 600 2906 2.
619 2883 652 2892 -
670 2854 761 2916 faeere
778 2852 834 2918 lid),
852 2852 925 2918 qrtod
942 2855 1029 2918 ipsum
1047 2850 1151 2915 (facere)

75 2923 213 2974 vitarent.
859 2936 865 2948 ·

147 2994 171 3043 5.
189 3007 349 3043 concurrere
366 2980 521 3056 ‘angreilenl
540 3019 572 3026 -
592 2993 711 3040 antarum
728 2989 846 3040 aduertit
861 3009 895 3030 =
913 2986 1099 3039 animadvertit.
1117 3015 1151 3024 -

72 3059 408 3126 priusquam-volebant
424 3058 514 3124 gehdrt
532 3073 589 3109 zum
607 3057 739 3110 Naehsatz.

150 3124 197 3183 10.
218 3133 240 3181 1.
259 3143 355 3193 capere
372 3127 427 3178 hier
444 3126 496 3178 und
517 3130 557 3189 11,
576 3130 590 3178 5
615 3127 778 3192 dhertragen:
805 3125 901 3176 ‘wurde
923 3139 981 3175 zum
1007 3121 1099 3189 Opler'.
1117 3150 1150 3160 -

79 3194 251 3248 Mithridates
274 3197 308 3247 ist
332 3194 543 3247 wahrscheinlich
566 3194 610 3246 der
634 3210 654 3246 c.
679 3199 711 3259 4,
736 3197 750 3246 5
770 3198 907 3260 genannte,
931 3192 986 3244 sein
1003 3189 1082 3240 Vater
1107 3189 1152 3240 der

77 3264 103 3328 2,
122 3269 137 3318 5
155 3280 181 3317 u.
199 3270 222 3328 5,
241 3269 257 3318 a
276 3263 414 3315 erutihnte.

148 3335 187 3398 ei,
213 3333 272 3384 dem
293 3331 462 3383 Mithridates:
488 3333 514 3380 et
537 3330 576 3381 hir
597 3332 649 3380 sibi
666 3331 716 3381 wie
734 3329 825 3382 Them.
843 3332 868 3395 8,
886 3332 908 3382 3.
927 3357 961 3366 -
977 3330 1151 3393 permitteret,

77 3401 251 3453 aet—liceret
273 3401 307 3452 ist
330 3401 372 3452 ein
398 3398 610 3451 iiherreichlicher
630 3398 778 3463 Ausdruch‚
803 3398 853 3449 wie
877 3396 931 3448 sioh
948 3395 1102 3448 Aehnliches
1125 3397 1152 3448 in

77 3468 188 3535 laissiger
205 3469 390 3522 Schreibweise
407 3468 473 3519 oster
488 3466 576 3519 findet.

148 3539 228 3599 fidem
253 3537 317 3589 ‘sein
335 3534 530 3603 Versprechen';
559 3535 590 3586 de
613 3536 647 3585 ‘in
665 3533 780 3598 Betrels’‚
808 3535 930 3599 ‘wegen'3
950 3532 1046 3583 dextro
1064 3532 1153 3585 ‘durch

80 3606 361 3672 Haudschlag’:·more
383 3606 539 3666 Persarum,
565 3603 625 3654 weil
642 3604 683 3654 ein
701 3601 877 3669 Versprecheu
896 3599 974 3652 durch
992 3600 1154 3668 Handschlag

24 3668 32 3677 ’
80 3675 191 3727 beiden
209 3674 315 3726 Persem
333 3673 370 3724 als
388 3671 571 3724 unrerletzlich
589 3671 650 3737 galt.

150 3746 175 3795 2.
193 3743 277 3807 Hanc,
296 3743 371 3793 nami.
382 3741 513 3792 dostram.
538 3741 668 3790 neaeram
676 3736 870 3788 mittereheisst
885 3737 967 3789 einem
976 3736 1155 3789 Abwesenden
1252 3786 1254 3792 ,

81 3811 162 3863 durch
180 3811 254 3863 einen
272 3808 466 3877 Ahgesandten‚
491 3807 615 3860 welchem
639 3823 697 3858 man
722 3806 771 3858 den
789 3805 951 3871 llandschlag
975 3806 1044 3872 gibt,
1067 3805 1152 3856 diesen

81 3878 248 3932 dhermitteln
264 3878 362 3931 lassen:
382 3893 433 3928 ron
452 3877 547 3928 diesem
558 3875 738 3942 hhgesandteu
753 3874 833 3925 heisst
844 3889 871 3925 es
881 3873 1079 3925 auchdeactrcrm
1090 3872 1152 3933 fert.
1193 3890 1196 3895 ’
