2580 4372
149 161 190 225 ts
452 140 456 147 '
548 165 587 215 ιιι.
603 164 780 217 susrnrs.
799 169 823 218 a.

148 358 267 420 pugnae
281 339 374 399 navali
384 338 464 417 apud
473 337 631 409 Salamina,
651 341 816 417 quaefacta
831 348 876 398 est
896 340 996 417 prius.
1018 357 1106 417 quarn
1122 338 1223 417 poena

148 426 333 486 liberaretur.
376 422 457 484 ldem
486 435 607 502 praetor
634 424 691 484 tuit
719 424 945 484 Atheniensium
982 425 1060 503 apud
1088 423 1222 484 Plataeas

148 511 180 571 in
216 509 348 589 proelio,
376 527 436 587 quo
465 508 637 569 Mardonius
664 509 750 570 lusus
785 508 1036 587 barbarorumque
1072 510 1222 569 exereitus

118 596 323 657 tintertectus
351 602 406 655 est
449 593 552 673 Neque
581 594 660 655 aliud
685 605 732 655 est
755 594 850 654 ullum
874 595 965 654 huius
988 595 1020 654 in
1047 613 1080 654 re
1100 594 1222 654 militari

148 679 263 741 illustre
282 680 394 740 tactum
414 699 503 758 quam
523 680 613 740 huius
633 680 750 759 imperii
770 679 926 749 memoria,
950 680 1078 740 iustitiae
1100 698 1169 738 reru
1191 688 1222 739 et

148 764 303 844 aequitatis
325 773 355 825 et
374 763 563 826 innocentiae
582 765 690 837 multa,
711 766 742 825 in
764 765 868 844 prirnis
888 766 968 842 quod
990 765 1055 825 eius
1074 765 1221 841 aequitate

147 851 259 912 iactum
280 859 340 921 est,
362 868 431 910 cum
451 850 483 910 in
504 851 655 910 communi
676 851 769 910 classe
791 858 870 910 esset
884 848 1023 910 Graeciae
1047 848 1136 909 simul
1151 868 1220 908 eum

148 934 303 1009 Pausania,
325 953 386 1012 quo
408 936 483 996 duce
503 935 675 996 llardonius
698 945 760 995 erat
781 936 910 1014 fugatus,
927 944 959 995 ut
974 953 1087 995 summa
1102 934 1220 1012 imperii

117 1020 285 1082 amaritimi
300 1019 337 1081 ab
351 1019 590 1081 lacedaemoniis
609 1022 821 1082 transferretur
839 1021 876 1080 ad
897 1021 1102 1081 Athenienses.
1131 1020 1221 1079 Nam-

148 1124 208 1185 que
222 1113 290 1166 ante
305 1105 335 1165 id
351 1112 469 1184 tempus
490 1115 519 1165 et
541 1107 615 1166 mari
636 1114 665 1166 et
685 1115 764 1166 terra
778 1106 869 1166 duces
890 1117 973 1166 erant
986 1105 1220 1165 lacedaemonii.

148 1190 225 1251 Tum
250 1199 349 1251 autem
375 1200 405 1250 et
429 1190 656 1270 intemperantia
678 1191 839 1251 Pausaniae
859 1201 889 1250 et
912 1190 1021 1251 iustitia
1042 1191 1149 1250 iactum
1177 1197 1222 1249 est

149 1275 293 1350 Aristidis,
309 1284 342 1335 ut
351 1293 455 1336 omnes
468 1276 530 1335 iere
545 1276 675 1336 ciuitates
690 1274 829 1336 Graeciae
844 1277 879 1336 ad
891 1276 1117 1336 Atheniensium
1128 1275 1223 1335 socie·

148 1368 237 1422 tatem
259 1379 291 1421 sc
311 1359 495 1439 applicarent
515 1370 544 1420 et
564 1361 702 1421 adversus
722 1361 862 1421 barbaros
882 1362 937 1421 hos
952 1360 1044 1420 duces
1057 1360 1223 1438 deligerent

116 1450 135 1512 3
149 1446 215 1507 sibi.
246 1445 327 1516 Quos
342 1463 402 1523 quo
417 1445 532 1506 lucilius
546 1446 734 1525 repellerent,
750 1446 775 1506 si
790 1447 867 1505 sorte
880 1446 991 1506 bellurn
1012 1464 1153 1506 renovare
1168 1463 1222 1506 co-

149 1540 302 1605 narentur,
315 1530 352 1591 ad
367 1529 469 1590 classis
481 1530 674 1592 aedificandas
688 1531 893 1609 exercitusque
903 1530 1116 1609 comparandos
1126 1549 1223 1608 quan·

150 1626 213 1677 turn
227 1615 372 1697 pecuniae
393 1634 528 1695 quaeque
549 1616 649 1677 civitas
670 1616 767 1688 daret,
789 1616 931 1677 Aristides
947 1615 1077 1676 delectus
1093 1626 1154 1690 est,
1170 1615 1221 1693 qui

149 1702 358 1774 constitueret,
388 1701 512 1779 eiusque
527 1701 648 1762 arbitrio
670 1702 873 1780 quadringena
897 1709 927 1761 et
943 1720 1088 1779 sexagena
1112 1701 1223 1761 talenta

149 1786 310 1865 quotannis
325 1785 430 1848 Delum
445 1797 517 1847 sunt
531 1786 644 1847 collata.
674 1785 707 1847 ld
723 1787 802 1847 enim
818 1805 975 1847 commune
990 1787 1136 1846 acanum
1157 1804 1224 1846 esse

150 1870 318 1932 voluerunt.
349 1870 430 1941 Quas
441 1872 538 1933 omnis
549 1872 676 1951 pecunia
690 1882 810 1950 postero
827 1881 960 1950 ternpore
976 1872 1104 1932 Athenas
1125 1881 1223 1931 trans-

151 1956 207 2017 lata
223 1964 276 2017 est.

121 2046 136 2096 t
235 2039 291 2100 llic
311 2058 370 2118 qua
389 2040 481 2101 luerit
505 2040 697 2112 abstinentia,
726 2040 841 2101 nullum
863 2051 909 2101 est
933 2039 1043 2101 certius
1069 2041 1224 2115 indicium,

150 2144 250 2205 quam,
265 2143 333 2186 curn
343 2126 433 2187 tantis
448 2126 537 2186 rebus
552 2125 737 2205 praefuisset,
756 2126 835 2204 quod
850 2125 881 2185 in
896 2133 977 2186 tanta
988 2135 1161 2204 paupertate
1171 2126 1224 2186 de-

149 2276 259 2406 pilatum
283 2291 359 2327 wenti
383 2275 423 2327 ein
451 2276 610 2328 bestimmter
635 2277 841 2328 Zwischenraum
867 2276 1016 2343 angegeben
1043 2275 1106 2327 wird
1136 2277 1222 2335 (sexto

163 2362 207 2396 ere
225 2349 316 2408 amaa),

219 2407 247 2467 2.
268 2416 291 2465 t.
309 2412 382 2463 Idan
399 2427 424 2462 u
442 2426 463 2464 s.
482 2427 514 2463 w,
532 2414 582 2464 479
600 2427 626 2464 v.
643 2413 688 2464 ct.
723 2413 806 2465 [leber
827 2419 940 2478 praetor
965 2427 997 2462 au
1021 2410 1084 2462 Mitt.
1103 2414 1126 2474 3,
1146 2414 1169 2463 t.
1191 2440 1222 2449 -

151 2479 404 2547 quo-iatersmtus
422 2486 465 2530 eat.
502 2480 632 2548 Richtiger
648 2482 725 2535 Paus.
747 2486 769 2536 Ι,
785 2483 809 2532 2.

218 2552 242 2601 2.
261 2550 341 2599 liuius
358 2551 467 2614 imperii
483 2549 747 2610 memmiat‘llunde't
764 2549 921 2614 furquasia
940 2549 990 2598 aaa
1007 2545 1225 2612 imperioseaisse

150 2631 210 2668 aum
228 2619 371 2668 memoriae
387 2615 526 2682 proditum
542 2621 589 2668 eat.

219 2700 279 2735 cum
297 2687 326 2734 ia
345 2687 560 2735 communius.
578 2700 612 2738 w.
631 2687 679 2737 stt
698 2700 723 2734 v.
742 2683 786 2735 ch.
812 2683 838 2735 S.
856 2683 931 2735 Paus.
952 2686 974 2735 2.

219 2755 244 2805 3.
261 2754 468 2817 intemperantia
486 2751 718 2818 6Μιιιιίοεὶςιιιίι,
733 2752 911 2804 ‘Uebermuth'.
940 2751 967 2803 S.
986 2752 1062 2803 Paus.
1081 2753 1104 2804 3.

221 2820 359 2886 applicare
375 2819 450 2869 saud
465 2824 625 2883 societatem,
635 2819 789 2884 amicitiam,
806 2820 1021 2881 familiaritatem
1037 2819 1153 2872 alicuius
1167 2821 1225 2882 sapt

151 2901 210 2939 man
228 2888 262 2939 im
280 2887 465 2951 lateinisches,
483 2888 586 2940 obwohl
603 2889 674 2941 diesc
691 2892 743 2940 erst
765 2888 844 2940 durch
863 2888 912 2940 den
930 2886 1073 2939 Anschluss
1091 2887 1222 2937 entstehn:

151 2956 200 3007 wir
216 2955 266 3007 ‘die
284 2955 605 3023 Bundesgenossenschatt,
622 2955 806 3009 Freundschalt
822 2955 958 3008 lemandes
968 2955 1071 3007 suehen'
1091 2953 1224 3007 oder‘sieh

150 3024 203 3076 ihm
220 3023 258 3077 als
275 3024 377 3078 Bundes
397 3040 496 3091 enasse,
511 3025 611 3077 Freund
628 3024 817 3078 anschliessen’.

222 3086 250 3149 3.
271 3096 293 3145 1.
311 3094 379 3144 ada
419 3096 457 3144 aaa
474 3110 498 3146 u.
518 3110 538 3146 s.
556 3109 590 3145 W.
626 3095 724 3146 Constr.
741 3094 874 3144 Aristides
892 3092 1008 3142 delectur
1034 3096 1079 3152 ert,
1098 3092 1145 3154 qui
1164 3105 1224 3139 aaa·

152 3163 282 3226 stitueret,
300 3167 430 3228 quantum
446 3166 577 3228 pecuniae
595 3177 714 3228 quaeque
738 3164 832 3212 ciuitas
849 3161 927 3211 daret
952 3160 988 3209 ad
1014 3159 1105 3209 claram
1128 3157 1225 3218 aedifi-

154 3229 254 3281 aaadaa
271 3232 457 3294 coercitorque
466 3230 669 3296 comparandas.
686 3257 720 3267 —
738 3229 837 3280 collato
854 3229 1009 3294 ‘gesteuert’.
1026 3255 1060 3264 -
1078 3226 1117 3289 ld,
1134 3225 1225 3277 Delus:

153 3296 199 3352 dns
213 3297 336 3351 Neutrum
350 3297 450 3366 gemiss
460 3297 504 3350 der
520 3299 555 3349 im
563 3297 740 3350 Luteinischen
752 3297 871 3349 iblichen
880 3295 1023 3347 Attraction
1033 3310 1090 3346 zum
1099 3293 1225 3346 Pridicat.

224 3367 297 3430 Quas
315 3369 400 3418 amam
417 3369 532 3433 pecunia
542 3365 691 3418 bezeichnet
703 3370 784 3417 etwas
794 3378 912 3432 ungeuau
929 3363 978 3415 den
996 3378 1094 3430 ganzen
1111 3359 1227 3412 Bnndes-

153 3433 254 3499 schatz,
276 3435 308 3486 da
331 3435 402 3488 nicht
425 3434 508 3487 dieser
531 3435 623 3486 vorher
641 3434 757 3487 erwhhut
773 3433 824 3498 ist,
848 3431 958 3485 sondern
977 3448 1024 3483 nur
1041 3431 1086 3482 der
1098 3428 1224 3492 jahrtiche

151 3499 262 3569 Beitrsg.
292 3502 354 3556 llem
372 3502 554 3556 Schritlsteller
571 3501 701 3554 schwehte
720 3501 765 3554 der
772 3500 892 3554 Gadanke
910 3515 970 3552 vor:
989 3500 1060 3551 ‘alles
1073 3495 1151 3561 oeta,
1170 3511 1225 3547 was

152 3567 232 3621 durch
255 3569 296 3622 die
309 3570 453 3633 jahrlichen
471 3571 589 3638 Beitrige
607 3569 753 3637 (abzhglieh
775 3569 820 3621 der
844 3569 994 3636 Ausgaben)
1016 3567 1057 3618 bis
1080 3564 1157 3616 dahin
1182 3580 1225 3616 zu·

152 3637 418 3705 sammengeltommen
436 3642 507 3691 war'.

221 3710 304 3758 tmtir
320 3708 399 3757 radus
415 3708 577 3772 praefirmat
592 3707 664 3761 ‘iiber
681 3721 710 3758 so
728 3705 834 3758 Grosscs
851 3721 883 3757 au
900 3705 1018 3773 gehieten
1036 3699 1227 3770 gehahthatte’.

154 3800 184 3813 -
204 3774 276 3840 quad
293 3774 372 3826 niman
389 3789 436 3826 vor
454 3791 513 3826 mam
531 3774 621 3827 beraut
635 3773 742 3840 wieAg.
761 3776 786 3838 l,
803 3777 827 3827 3.
845 3804 877 3813 -
896 3776 953 3839 qui,
969 3771 1086 3823 Adverb:
1105 3769 1225 3820 ‘aaran'⁸

155 3845 307 3902 Uehersetae
324 3842 375 3894 ‘die
391 3840 474 3895 Mittel
492 3857 523 3894 su
541 3843 636 3895 seirent
656 3841 825 3909 Begribniss’.
