2580 4372
151 193 212 253 100
535 196 601 250 xvi.
620 197 804 251 emortuas.
823 201 847 251 2.

37 444 40 449 Ι
149 371 312 442 eiecerunt3
329 367 360 427 in
371 367 478 446 quibus
489 368 644 451 Pelopidas
658 372 716 446 hic,
733 370 768 431 de
781 389 839 450 que
856 371 985 432 scrihere
1002 369 1097 431 exorsi
1109 386 1225 444 sumus,

150 455 256 535 pulsus
270 452 363 532 patria
379 452 503 514 carebat.

39 584 43 591 .
116 544 134 604 2
229 537 267 599 Hi
282 555 385 598 omnes
400 537 462 598 lere
474 539 603 601 Athenas
623 559 654 600 se
666 538 862 613 contulerant,
879 557 940 599 nen
952 556 1013 616 que
1025 543 1226 614 sequerentur

152 624 259 697 etium,
282 622 333 682 sed
354 629 401 696 ut,
423 640 512 701 quem
527 643 562 683 ex
576 623 711 703 proximo
727 623 825 685 lecum
840 623 902 683 lars
924 621 1095 697 obtulisset,
1118 639 1154 681 eu
1169 639 1222 700 pa-

121 709 235 769 ttriam
251 724 427 786 recuperare
441 708 616 769 niterentur.
646 708 749 786 ltaque
770 727 837 770 cum
859 716 976 787 tempus
998 714 1043 767 est
1063 706 1161 769 visum
1181 705 1224 767 rei

152 792 306 874 gerendae,
321 793 518 853 cummuniter
532 812 600 854 cum
614 793 660 869 iis,
675 794 727 872 qui
742 792 851 853 Thebis
865 793 942 853 idem
958 790 1135 864 sentiebant,
1148 790 1225 851 diem

153 878 325 955 delegerunt
351 877 387 938 ad
411 876 548 938 inimices
574 878 786 958 opprimendos
812 877 1015 957 civitatemque
1044 874 1227 937 liberandam

122 973 137 1024 3
152 981 230 1037 eum,
246 979 305 1040 que
320 960 438 1021 maximi
452 962 639 1041 magistratus
654 962 742 1024 simul
757 971 935 1023 censuerant
949 960 1073 1041 epulari.
1102 959 1227 1037 Magnae

152 1065 240 1126 saepe
254 1065 302 1106 res
317 1064 379 1106 nen
394 1046 432 1106 ita
447 1047 561 1126 magnis
577 1047 670 1127 copiis
686 1053 758 1108 suut
772 1054 869 1125 gestae
875 1064 884 1121 ;
907 1047 959 1107 sed
981 1045 1115 1126 profecte
1138 1063 1226 1113 num·

152 1150 240 1212 quam
266 1137 323 1190 tam
350 1129 385 1191 ab
411 1132 494 1192 tenui
519 1131 604 1192 initic
629 1140 727 1193 tantae
753 1150 824 1211 opes
846 1140 916 1192 sunt
936 1131 1116 1211 profligatae.
1153 1128 1226 1190 Nam

153 1215 308 1278 duedecim
323 1215 537 1277 adulescentuli
552 1216 688 1277 coierunt
702 1235 737 1279 ex
751 1216 808 1292 hie,
824 1216 876 1296 qui
891 1215 977 1277 exilio
994 1222 1078 1277 erant
1099 1213 1226 1289 multati,

154 1319 222 1363 cum
237 1298 359 1361 omnino
380 1318 442 1361 nen
458 1310 556 1362 essent
569 1301 695 1381 amphus
710 1308 845 1376 centum,
868 1300 919 1379 qni
940 1308 1023 1361 tante
1039 1315 1071 1359 sc
1086 1298 1238 1359 offerrent.

154 1384 297 1466 periculo.
320 1384 383 1455 Qua
398 1385 543 1463 paucitate
558 1404 699 1465 percussa
715 1392 760 1446 est
769 1385 1071 1446 Lacedaemoniorum
1085 1383 1226 1463 potentia.

125 1470 192 1531 4Ηί
216 1470 294 1529 enim
317 1487 377 1530 non
400 1470 492 1548 magis
516 1470 748 1533 adversariarum
769 1467 890 1531 factioni
911 1488 999 1549 quam
1022 1468 1176 1548 Spartanis
1192 1486 1226 1528 eo

152 1564 287 1634 tempere
301 1552 413 1614 bellum
427 1554 606 1629 intulerunt,
629 1555 680 1634 qui
694 1554 847 1635 principes
863 1563 946 1617 erant
960 1554 1052 1615 tetius
1068 1551 1207 1615 Graeciae
1216 1569 1224 1625 ;

155 1658 283 1719 querum
297 1638 413 1718 imperii
427 1639 572 1714 maiestas
588 1658 686 1718 neque
700 1639 741 1700 ita
754 1639 848 1701 multe
864 1647 941 1719 pest,
956 1638 1112 1701 Leuctrica
1126 1654 1228 1716 pugne

155 1725 190 1786 ab
204 1726 263 1787 hcc
279 1723 363 1787 initic
377 1725 514 1803 perculsa
528 1724 667 1785 concidit.

125 1819 139 1867 5
238 1809 284 1868 lui
298 1808 389 1887 igitur
407 1808 572 1884 duedecim,
589 1827 717 1887 querum
729 1809 786 1868 dux
802 1816 864 1869 erat
873 1806 1039 1886 Pelopidas,
1053 1825 1121 1868 cum
1136 1806 1227 1868 Athe-

154 1893 201 1953 nis
216 1893 344 1953 interdiu
359 1893 497 1968 exissent,
514 1904 548 1955 ut
561 1897 786 1974 vesperascente
801 1893 880 1954 caelo
893 1891 1008 1953 Thebas
1023 1899 1148 1970 possent
1159 1910 1227 1971 per·

223 2093 332 2142 ear-ebat
352 2092 468 2143 ‘beraubt
485 2095 555 2144 war'.

223 2155 251 2213 2.
272 2162 294 2210 1.
312 2165 487 2224 sequerentur
505 2160 689 2228 ‘nachgingen'.
706 2188 740 2198 —
757 2160 856 2212 Genstr.
874 2158 922 2209 red
941 2165 974 2209 ut
990 2176 1019 2209 eo
1046 2158 1227 2225 (1000),an

159 2229 245 2279 lecum
272 2243 307 2276 ece
329 2231 455 2293 prenime
483 2227 542 2289 ferr
566 2229 712 2292 obtulisset,
741 2232 860 2293 patriam
883 2243 1044 2292 recuperare
1068 2231 1226 2277 niterentur.

155 2296 204 2348 Der
221 2295 373 2358 Gunjunctiv
398 2296 534 2348 obtulisset
556 2298 591 2349 ist
614 2297 648 2347 im
672 2295 818 2349 Deutschen
842 2293 1036 2347 beizubehalten
1060 2293 1113 2346 und
1137 2291 1228 2346 &uelit

155 2364 196 2417 die
213 2362 333 2431 Meinung
350 2363 395 2416 der
411 2361 577 2417 Verbannten
595 2379 649 2417 aus.

154 2499 186 2550 Al
223 2433 247 2483 2.
275 2432 324 2483 379
350 2432 446 2484 Μὴ.
474 2463 504 2469 -
533 2436 574 2484 ret
597 2432 732 2497 gerendae
757 2432 807 2484 wie
831 2430 887 2483 Alc.
910 2432 939 2495 8,
964 2433 988 2482 6.
1014 2458 1048 2468 -
1071 2430 1154 2481 simul
1178 2429 1229 2481 wie

189 2516 210 2551 c.
224 2502 282 2562 5‚4.

224 2570 248 2619 3.
269 2573 321 2617 ten
340 2569 372 2617 ab
392 2571 467 2618 tenui
484 2570 561 2617 initio
580 2567 620 2618 ldr
644 2569 676 2617 ab
697 2572 750 2616 tam
776 2570 851 2617 tenui
866 2569 945 2616 initio
965 2568 995 2627 (s.
1014 2580 1045 2616 zu
1062 2565 1139 2617 Pans.
1158 2566 1182 2629 2,
1200 2565 1227 2627 5)

155 2637 215 2686 ‘vcn
233 2635 315 2685 einem
334 2650 363 2686 sc
379 2634 532 2688 schwachen
549 2634 630 2685 Antan
667 2637 728 2686 aus’.

223 2701 293 2752 Nem
304 2702 441 2752 detodecim
460 2650 653 2752 adulescentuli
669 2718 692 2752 u.
712 2718 734 2754 s.
754 2716 785 2751 w.
813 2699 1061 2752 flanderterklarten
1081 2699 1134 2752 sich
1149 2700 1229 2753 berelt

156 2785 188 2820 en
207 2768 264 2820 dem
281 2769 470 2820 Unternehmen
489 2769 561 2820 Theil
579 2786 610 2820 zu
629 2770 751 2834 nahmen3
776 2768 856 2819 zwdlf
870 2768 1028 2834 vereinigten
1046 2765 1101 2820 sich
1119 2782 1151 2819 zu
1169 2766 1225 2820 dem

155 2835 362 2903 Hauptschlege,
370 2836 417 2887 der
433 2835 593 2903 Ermcrdung
610 2836 655 2889 der
671 2835 843 2888 Machthaber.
869 2835 1082 2899 DerConjunctiv
1100 2836 1228 2898 offerrent

156 2905 327 3025 ts‘aussetzen')
354 2904 404 2956 wie
429 2905 582 2957 crederetur
598 2904 662 2956 lllilt.
681 2908 711 2967 3,
739 2907 764 2957 2.
781 2920 958 2970 —pereussa
982 2910 1021 2953 est
1038 2902 1137 2954 ‘erhielt
1154 2903 1227 2955 einen

175 2971 246 3024 toss’.

225 3043 249 3092 4.
277 3042 413 3106 principes
440 3047 519 3092 erent
539 3042 590 3092 wie
612 3040 659 3107 Ep.
683 3042 713 3103 5,
737 3043 760 3090 4.
788 3069 821 3076 -
845 3054 959 3104 querum
977 3039 1086 3102 e’mpcrdi
1101 3039 1227 3087 maiestas

156 3107 248 3160 ‘deren'
267 3107 329 3159 eder
346 3108 422 3160 ‘ihrer
430 3109 576 3162 Herrschatt
593 3107 775 3187 Herrlichkeit'.
794 3137 828 3143 -
846 3122 930 3172 nequa
949 3105 1039 3172 ltnhplt
1057 3104 1103 3155 das
1121 3102 1227 3155 wieder-

155 3176 212 3229 Μὴ
224 3175 844 3311 llulbllleleeacplrbgrllleltgaelldrtsurrmbellblllbell4ub
863 3243 913 3292 dec
930 3243 1008 3291 initio
1027 3239 1061 3290 ist
1080 3237 1227 3291 adhereBe·

155 3312 295 3378 stimmung
313 3310 385 3363 daza.
409 3310 493 3364 Ilurch
510 3311 550 3362 die
567 3312 704 3430 Belreiunp
721 3310 838 3361 Thebens
856 3309 946 3361 erhielt
964 3309 1005 3360 die
1022 3307 1169 3358 llerrschalt
1186 3306 1229 3357 der

158 3378 294 3445 Spartaner
311 3378 359 3430 den
379 3385 461 3432 ersten
480 3381 552 3432 Stoss
571 3381 595 3444 (ᾖ
614 3380 655 3445 3),
697 3378 758 3431 urch
784 3377 824 3429 die
841 3376 963 3429 Schlacht
985 3376 1026 3427 bei
1043 3375 1152 3435 Leuctra
1168 3377 1226 3439 tert

157 3462 182 3496 v.
202 3446 265 3511 Ch),
284 3447 383 3499 welche
400 3452 452 3500 erst
469 3447 548 3499 durch
562 3449 624 3512 jene
641 3448 777 3512 Beireiung
794 3445 906 3512 mdglich
924 3444 1020 3505 warde,
1038 3441 1109 3493 ward
1135 3443 1172 3495 sie
1188 3443 1228 3493 ins

157 3513 221 3565 llerz
247 3514 370 3580 getrcffen
398 3519 406 3577 t
432 3516 554 3577 ererum·
580 3531 599 3567 s.
624 3531 655 3567 zu
678 3515 740 3567 Dion
764 3517 791 3576 5,
812 3517 835 3567 3.
859 3513 914 3565 Dat.
933 3517 958 3578 6,
978 3515 1003 3577 8)
1021 3509 1073 3562 und
1091 3511 1169 3563 brach
1187 3527 1228 3561 zu-

156 3596 280 3632 sammen:
298 3581 385 3634 ‘durch
403 3533 444 3634 ille
462 3583 581 3636 Schlacht
599 3584 640 3635 bei
650 3583 757 3635 Leuctra
766 3598 817 3634 von
828 3581 922 3633 diesem
932 3581 1034 3645 Antang
1052 3593 1098 3630 aus
1115 3578 1228 3631 insilere

158 3649 281 3715 getrcffen
300 3651 540 3703 zusammenhrach'.

225 3720 249 3768 5.
277 3717 335 3768 dun
361 3725 420 3770 erat
445 3721 593 3786 Pelopidae.
629 3718 677 3769 Der
701 3716 854 3784 cigentliche
878 3716 972 3767 Fdhrer
997 3726 1050 3762 war
1073 3710 1175 3765 Mallon.
1193 3739 1227 3749 -

157 3791 353 3904 vecptereseentte
371 3789 453 3851 eaelo,
472 3789 520 3840 ‘hei
539 3785 718 3839 dunkelndem'
736 3784 918 3837 ‘abendlichem
929 3781 1053 3845 llimmel',
1072 3781 1138 3831 wind
1156 3784 1226 3833 seut

156 3868 197 3903 nic
245 3869 343 3921 gesag.

295 3978 337 4033 ‘l
