2580 4372
489 185 566 237 xiil.
583 186 767 238 suffitibus.
785 189 810 238 6.
827 191 853 238 ῗ.

110 362 130 421 t}
228 356 347 418 luterim
366 357 471 417 accidit
491 357 538 417 illa
560 357 707 418 calamitas
727 358 806 436 apud
821 358 949 419 leuctra
962 359 1224 421 Lacedaemoniis,

142 445 207 515 Quo
223 463 261 503 ne
275 442 521 521 proficisceretur,
537 462 606 502 eum
619 462 635 501 a
656 442 807 521 plerisque
821 444 859 505 ad
880 445 1051 505 exeundum
1066 464 1226 524 premere·

142 542 201 602 tur,
218 540 249 588 ut
264 528 289 586 si
303 527 339 587 de
354 526 432 587 exitu
448 527 601 589 divinaret.
615 527 694 587 exire
710 527 814 587 noluit.
838 528 931 601 ldem,
946 548 1017 589 euni
1032 529 1225 610 Epaminon-

143 615 193 674 das
209 613 343 691 Spartam
358 622 544 691 oppugnaret
560 624 696 689 essetque
709 613 774 671 sine
787 613 882 672 muris
896 614 1053 693 oppidum.
1076 617 1172 677 talem
1193 636 1225 679 se

144 700 350 777 imperatorem
366 697 509 775 praebuit,
526 707 607 757 uteo
628 706 762 776 tempore
783 697 924 757 omnibus
947 700 1144 777 apparuerit,
1166 701 1225 763 nisi

112 794 128 843 2
143 783 191 844 ille
205 783 320 857 suisset,
335 783 468 859 Spartam
484 783 612 842 futuram
627 799 689 841 non
704 782 805 841 luisse.
833 782 868 841 ln
884 800 945 860 quo
967 784 1095 861 quidem
1116 787 1224 848 discri-

143 870 223 929 mine
239 867 372 927 celeritas
386 866 450 926 eius
465 866 580 926 consilii
595 865 683 926 saluti
697 867 752 926 tuit
773 866 930 926 universis.
960 866 1037 928 Nam
1060 888 1135 930 cum
1156 873 1223 950 qui·

143 954 208 1014 dam
238 950 465 1023 adulescentuli,
498 951 628 1012 bostium
652 951 777 1011 adventu
802 951 970 1029 perterriti,
997 955 1035 1014 ad
1060 954 1224 1018 Thebanos
1255 951 1256 955 ’

143 1039 328 1116 transfugere
344 1035 450 1095 vellent
465 1046 494 1097 et
507 1037 605 1096 locum
616 1046 697 1097 extra
712 1035 816 1095 urbem
831 1036 943 1096 editum
955 1039 1123 1118 cepissent.
1146 1046 1223 1122 Age-

143 1124 243 1196 silaus,
260 1122 311 1201 qui
325 1121 611 1201 perniciosissimum
624 1122 690 1181 lore
704 1120 825 1193 rideret,
840 1121 866 1180 si
886 1121 1131 1185 animadversum
1145 1135 1225 1189 esset

144 1224 323 1288 quemquam
337 1206 373 1267 ad
386 1205 481 1266 bostis
495 1206 679 1284 transfugere
694 1205 805 1273 conari,
821 1224 890 1265 eum
904 1206 968 1266 suis
978 1226 1014 1267 eo
1026 1209 1112 1271 renit
1122 1220 1223 1291 atque,

145 1302 178 1354 ut
191 1294 216 1352 si
231 1292 311 1353 bono
325 1292 423 1351 animo
439 1291 586 1363 iecissent,
601 1290 726 1351 laudarit
741 1290 898 1350 consilium
913 1310 1029 1367 eorum,
1053 1296 1139 1373 qnod
1154 1316 1224 1359 eum

144 1380 244 1438 locum
259 1385 463 1455 occupassent,
486 1386 514 1436 et
528 1395 561 1435 se
577 1377 606 1436 id
620 1394 740 1454 quoqne
760 1376 824 1435 fieri
840 1374 947 1435 debere
962 1377 1220 1443 animadvertisse.

116 1463 196 1523 :tSic
211 1454 554 1542 adulescentis[simulata
568 1460 736 1520 laudatione
756 1460 941 1539 recuperarit
962 1470 991 1520 et
1012 1463 1167 1527 adiunctis
1188 1466 1224 1528 de

145 1547 207 1607 suis
223 1545 379 1606 comitibus
393 1544 491 1605 locum
506 1551 602 1605 tutum
618 1544 747 1623 reliquit.
776 1543 911 1624 Namque
925 1543 967 1604 illi
989 1549 1070 1608 aucti
1093 1568 1221 1612 numero

145 1650 258 1706 eorum,
275 1631 327 1711 qui
341 1640 476 1711 expertes
491 1640 575 1691 erant
589 1630 715 1701 consilii,
730 1646 914 1690 commorere
928 1648 961 1689 se
977 1650 1041 1692 non
1063 1643 1138 1694 sunt
1156 1636 1223 1697 ausi

145 1735 240 1796 eoque
255 1714 404 1789 libentius,
420 1716 501 1795 quod
514 1715 606 1777 latere
620 1714 846 1787 arbitrabantur,
862 1732 939 1793 quae
953 1716 1167 1793 cogitaverant.

113 1805 131 1864 7
228 1802 300 1862 Sine
314 1801 403 1861 dubio
418 1810 487 1880 post
501 1801 686 1861 Leuctricam
701 1817 831 1879 pugnam
842 1798 1070 1862 Lacedaemonii
1086 1822 1121 1865 se
1132 1823 1220 1867 num-

146 1905 234 1965 quam
248 1888 417 1948 refecerunt
432 1904 529 1965 neque
544 1885 703 1965 pristinum
718 1885 877 1964 imperium
890 1896 1130 1964 recuperarunt,
1152 1910 1222 1953 curn

146 1972 265 2033 interim
279 1990 441 2050 numquam
456 1971 608 2049 Agesilaus
622 1970 742 2043 destitit,
754 1967 992 2048 quibuscumque
1003 1970 1097 2033 rebus
1108 1986 1221 2053 posset,

115 2056 268 2136 tpatriam
289 2056 397 2117 iurare.
432 2056 505 2115 Nam
528 2074 597 2116 curn
615 2055 775 2135 praecipue
797 2053 1021 2116 Lacedaemonii
1046 2058 1221 2139 indigerent

146 2141 282 2221 pecunia,
299 2140 348 2200 ille
362 2140 510 2215 omnibus,
536 2141 618 2219 quia
644 2157 714 2218 rege
727 2138 914 2214 defecerant,
936 2141 1087 2218 praesidio
1109 2144 1182 2220 fuit3
1204 2164 1221 2206 a

115 2225 255 2305 aquibus
268 2244 375 2304 magna
390 2226 516 2286 donatus
530 2225 657 2305 pecunia
671 2224 794 2304 patriam
809 2223 979 2286 sublevavit.
1002 2228 1101 2308 Atque
1115 2230 1148 2291 in
1163 2231 1221 2291 boo

215 2355 242 2416 6.
265 2365 286 2411 Ι.
304 2363 352 2411 371
372 2376 396 2411 ι’.
415 2360 460 2411 Cb.
479 2390 512 2398 -
531 2360 589 2424 Quo
606 2375 639 2407 ne
657 2373 681 2407 u.
700 2373 719 2408 s.
739 2373 771 2407 w.
800 2357 857 2408 ίἱίιι
877 2357 945 2408 nicht
963 2358 1067 2411 dahin
1085 2376 1119 2413 zu
1135 2362 1220 2424 ziebn,

145 2429 234 2480 wollte
254 2430 288 2480 er’
312 2457 345 2466 -
368 2428 422 2479 bier
444 2428 547 2480 scbiebe
568 2427 602 2477 im
620 2425 763 2477 lleutscben
790 2440 850 2475 oum
868 2441 884 2489 ᾳ
901 2426 1222 2492 plerisque-divinaret

145 2499 185 2549 ein
205 2494 670 2563 -1‘tuberbanptlnicbtausziebn’.
706 2493 829 2558 Plerique
851 2493 902 2543 wie
923 2508 961 2560 pr.
990 2498 1012 2548 l.
1047 2495 1150 2548 Exitus
1176 2498 1222 2553 der

145 2564 326 2686 gugldekliche
351 2566 503 2685 ‘Austgung’p
515 2563 568 2683 glos1
585 2561 719 2682 lgeldzugs.
742 2591 776 2598 -
800 2560 873 2611 Idem
891 2577 917 2613 u.
936 2578 957 2613 s.
975 2577 1008 2613 u.
1045 2566 1096 2617 370
1119 2581 1147 2617 v.
1173 2566 1219 2621 ch,

168 2648 260 2686 erero
336 2649 404 2683 nare
432 2648 464 2683 zu
503 2647 534 2683 e.
570 2671 577 2694 ,
612 2668 619 2682 .

213 2705 237 2754 2.
256 2648 410 2767 gbsugbaugt
426 2701 521 2752 wieder
537 2715 588 2751 ron
607 2697 715 2749 consilii
732 2696 772 2748 ab.
790 2725 824 2734 -
849 2696 957 2749 videret.
992 2697 1042 2749 ller
1065 2697 1236 2765 Gonjuncfiv'

145 2769 200 2835 gibt
217 2769 265 2819 den
283 2767 369 2820 Grund
386 2782 426 2818 an.

214 2843 240 2886 at
256 2853 283 2886 re
302 2836 331 2886 id
347 2852 452 2901 quoque
469 2851 493 2887 ιι.
512 2850 532 2886 s.
551 2850 585 2885 w.
619 2831 709 2884 llierzu
727 2833 761 2884 ist
779 2847 825 2883 aus
850 2833 974 2883 laudauit
994 2832 1040 2884 das
1064 2833 1218 2901 allgemeine

147 2905 220 2955 dim't
240 2920 271 2955 zu
299 2904 460 2957 entnebmen.
496 2902 530 2953 Id
545 2902 579 2955 ist
602 2900 688 2953 toulos
713 2901 763 2951 und
790 2900 888 2952 ltonnte
905 2900 943 2952 als
968 2900 1070 2953 solebes
1086 2903 1218 2957 zwisoben

146 2972 195 3092 gilas¹
212 2973 317 3091 betoffie
340 2988 368 3022 se
394 2971 444 3023 und
463 2971 508 3023 das
526 2970 592 3022 dazu
609 2968 752 3037 gebdrende
770 2984 874 3035 quoque
898 2967 1087 3036 eingescboben
1106 2970 1217 3025 werden.

198 3056 254 3092 ‚zu
303 3043 359 3092 cl
386 3043 410 3092 2.

169 3056 186 3108 g
213 3113 236 3163 3.
256 3080 390 3161 adiutoriis
409 3108 441 3158 de
456 3106 663 3158 concomitibus
679 3104 812 3157 ‘nachdem
830 3118 857 3154 er
874 3103 1219 3159 ibnenwelebevonseinen

144 3177 291 3244 Regleitern
317 3175 489 3242 beigegeben’.
525 3174 561 3225 lm
584 3173 760 3226 Lateiniscben
784 3171 853 3223 kann
877 3170 922 3223 das
948 3172 1132 3226 unbestimmte
1157 3175 1219 3227 Pro

145 3261 236 3297 nrrmen
255 3245 321 3296 bitu
338 3243 501 3309 ausgelassen
523 3241 632 3294 werden.

214 3320 300 3365 tutum
317 3310 387 3364 steht
403 3309 597 3377 appositionell:
614 3310 660 3361 ‘als
678 3308 751 3361 einen
759 3307 890 3359 sicberen’.
918 3307 1069 3360 Uebersetze
1087 3308 1220 3375 ‘derJetzt

146 3382 170 3433 in
190 3380 331 3434 Sicberbelt
348 3381 418 3431 war'.

214 3464 377 3501 commouere
393 3450 433 3499 ‘zu
450 3445 560 3507 rdbren',
577 3446 601 3498 d.
619 3446 644 3498 b.
662 3450 742 3496 etwas
759 3442 873 3507 rothun,
890 3458 932 3493 um
950 3443 1004 3494 ibre
1023 3445 1218 3511 ursprdngllobe

144 3517 251 3569 Absicbt
267 3515 445 3569 uuszulirbren.

213 3601 294 3652 eoque
313 3585 445 3649 libentius,
463 3582 572 3635 ndmlicb
590 3597 618 3634 se
636 3596 687 3633 non
705 3582 904 3631 commoverunt.
922 3607 955 3616 —
974 3580 1162 3644 cogitaverant
1170 3579 1220 3632 trie

146 3657 265 3719 cogitata
284 3653 357 3704 Pons.
376 3656 401 3717 3,
421 3655 443 3704 1.
667 3706 673 3719 ἱ

215 3716 241 3776 7.
263 3726 283 3774 l.
301 3726 389 3786 posset
407 3720 455 3772 wie
472 3718 606 3785 prodisset
622 3716 677 3768 Alc.
696 3718 720 3778 3,
739 3719 762 3766 5.
781 3744 813 3751 -
834 3716 856 3765 2.
877 3728 940 3778 rege
958 3713 1007 3765 wie
1025 3710 1087 3763 blilt.
1107 3717 1133 3779 7,
1150 3718 1174 3768 3.

214 3792 237 3841 3.
257 3793 284 3839 in
303 3791 352 3839 boo
369 3790 419 3841 wie
436 3786 525 3839 Them.
544 3788 568 3849 2,
586 3789 600 3839 3
620 3788 649 3836 in
667 3799 726 3848 qno.
762 3782 832 3835 Beim
853 3780 1021 3833 Uebersetzen
1047 3780 1126 3833 nimm
1144 3784 1219 3848 quod

145 3873 191 3908 vor
209 3874 268 3909 eum
285 3856 380 3909 hernus.
417 3856 473 3922 Vgl.
492 3870 523 3904 zu
540 3853 603 3905 Milt.
621 3855 645 3916 6,
664 3854 687 3904 3.
