2580 4372
150 152 190 216 24
511 159 540 210 u.
559 157 809 212 runmsrooms.
829 160 853 212 s.

44 352 47 361 ·
150 340 274 410 propter
288 331 395 393 multas
410 331 474 393 eius
490 331 612 394 virtutes
626 347 732 410 magna
747 349 815 391 cum
830 330 970 410 dignitate
994 331 1110 404 viveret,
1126 332 1219 394 Lace·

113 461 122 482 .
150 416 297 477 daemonii
308 415 419 494 legatos
431 417 559 478 Athenas
570 417 725 486 miserunt,
737 416 788 494 qui
801 434 869 476 eum
880 416 1022 477 absenten
1034 426 1217 493 accusarent,

6 502 9 507 ’
150 501 230 579 quod
256 502 425 563 societatem
456 521 525 563 cum
556 499 626 580 rege
643 500 730 561 Perse
762 501 796 561 ad
827 501 978 562 Graeciam
994 503 1219 581 opprimendam

62 596 65 601 '
119 585 276 650 aleoisset.
321 586 385 648 Hoc
407 586 529 648 crimine
549 587 656 648 absens
676 585 853 664 proditionis
874 586 1027 647 damnatus
1048 597 1102 648 est.
1138 587 1170 648 ld
1185 596 1219 649 ut

149 671 266 746 audivit,
282 672 362 749 quod
377 690 438 732 non
460 671 529 733 satis
550 680 646 733 tutum
661 690 693 731 se
708 670 794 749 Argis
808 670 931 746 videbat,
955 669 1110 750 Corcyram
1126 673 1219 733 demi-

150 755 251 834 gravit.
273 756 317 816 lbi
333 775 400 817 cum
411 757 474 818 eius
489 756 642 836 principes
655 755 904 817 animadvertisset
915 757 1027 830 timere,
1044 776 1081 818 ne
1097 766 1220 837 propter

149 859 181 902 se
195 840 305 904 bellum
321 840 356 902 iis
371 842 596 904 Lacedaemonii
612 849 641 902 et
656 841 850 902 Athenienses
871 840 1045 915 indicerent,
1060 843 1096 902 ad
1111 844 1219 903 Adme-

4 960 7 965 -
117 935 134 985 4
147 934 220 1001 tum,
231 926 391 988 Molossum
403 945 513 1006 regern,
529 946 597 989 cum
612 945 671 1005 quo
687 926 715 987 ei
728 926 889 1005 hospitium
901 934 971 998 erat,
988 926 1130 1006 confugit.
1152 927 1220 989 Huc

149 1029 215 1072 cum
231 1011 360 1074 venisset
374 1022 403 1072 et
417 1013 449 1073 in
464 1012 629 1092 praesentia
644 1030 696 1072 rex
716 1011 841 1084 obesset,
864 1030 922 1091 quo
943 1012 1054 1072 maiore
1075 1011 1220 1090 religione

148 1114 180 1160 sc
195 1104 348 1176 receptum
362 1105 504 1172 tueretur,
519 1097 608 1157 tiliam
624 1097 687 1158 eius
702 1095 850 1176 parvulam
872 1097 997 1176 arripuit
1012 1105 1123 1158 etcum
1139 1117 1172 1158 ea
1186 1116 1218 1158 se

147 1180 179 1240 in
195 1181 365 1255 sacrarium,
381 1183 460 1261 quod
475 1201 589 1245 summa
605 1182 756 1242 colebatur
771 1181 957 1257 caerimonia,
979 1181 1115 1243 coniecit.
1146 1182 1220 1242 lnde

150 1283 210 1327 non
227 1266 310 1345 prius
325 1284 462 1345 egressus
477 1276 532 1341 est,
546 1286 635 1347 quam
650 1285 701 1328 rex
716 1286 784 1328 eum
799 1268 864 1352 data
879 1268 979 1328 dextra
994 1268 1024 1327 in
1040 1267 1127 1328 fldem
1142 1267 1219 1328 reci-

4 1356 7 1361 '
117 1358 247 1428 dperct3
263 1369 350 1430 quam
366 1351 519 1430 praestitit.
549 1352 705 1412 Nemeum
726 1353 762 1413 ab
778 1351 1008 1413 Atheniensibus
1031 1360 1060 1412 et
1073 1348 1219 1413 Lacedae-

147 1435 255 1497 moniis
270 1445 479 1515 exposceretur
493 1437 621 1516 publice,
636 1437 802 1516 supplicem
818 1455 879 1497 non
890 1437 1020 1516 prodidit
1032 1437 1218 1515 monuitque,

147 1527 182 1580 ut
196 1521 364 1583 consuleret
377 1521 449 1584 sibi:
464 1522 582 1583 difficile
597 1522 676 1583 enim
691 1541 756 1583 esse
770 1522 803 1582 in
815 1530 875 1582 tarn
886 1522 1055 1601 propinquo
1070 1522 1137 1582 loco
1152 1529 1219 1582 tuto

121 1662 125 1668 .
148 1623 216 1670 cum
230 1607 349 1667 versari.
383 1605 488 1686 Itaque
509 1607 639 1687 Pydnam
661 1626 729 1668 eum
750 1607 854 1668 deduci
876 1606 962 1668 iussit
985 1614 1022 1682 et,
1046 1608 1125 1686 quod
1148 1607 1220 1667 satis

116 1697 239 1765 desset,
262 1691 401 1770 praesidii
422 1692 509 1753 dedit.
546 1691 601 1753 Hic
629 1692 660 1753 in
686 1711 789 1753 navem
811 1691 949 1760 omnihus
974 1693 1094 1770 ignotus
1120 1692 1219 1752 nautis

214 1859 237 1908 2.
256 1859 311 1907 dcc
328 1856 354 1908 in
372 1857 452 1924 Folge
470 1859 539 1910 einer
556 1857 761 1925 Nachlissigheit
778 1859 818 1909 hir
834 1874 904 1910 suaa.
932 1857 1018 1924 Nepos
1032 1858 1221 1926 beabsichtigte

146 1922 254 1990 aufangs
271 1924 312 1975 ein
330 1925 435 1980 auderes
453 1926 557 1990 Subject
574 1927 621 1978 mit
638 1925 863 1992 entsprechendem
881 1926 992 1977 Verbum
1011 1941 1042 1976 zu
1061 1930 1155 1978 setzen.

212 2008 388 2056 magnacum
406 1992 546 2059 dignitate,
565 1995 589 2047 d.
609 1994 634 2046 h.
658 1994 693 2044 ita
712 1999 740 2044 ut
757 2008 848 2059 magna
871 1993 982 2060 dignitas
1008 1993 1031 2044 ei
1055 1994 1223 2045 tribueretur:

145 2059 200 2111 Wir
217 2059 251 2110 ‘in
269 2074 382 2126 grassem
398 2060 521 2113 husehn'.
909 2058 913 2069 ’

213 2126 419 2178 Lacedaemona·
436 2145 461 2181 u.
480 2145 500 2180 s.
519 2146 552 2180 w.
570 2132 620 2181 473
639 2144 664 2183 v,
680 2128 724 2179 ch.
741 2156 777 2165 -
793 2143 843 2177 rear
860 2127 952 2177 Persea
969 2126 1021 2177 und
1040 2128 1055 2192 5
1074 2131 1150 2178 ‘drea
1159 2128 1216 2178 Mo·

146 2194 230 2244 locem
238 2198 302 2247 slatt
309 2194 353 2246 des
362 2196 556 2262 gewdhnlichen
568 2198 708 2247 Persarum
716 2194 769 2246 und
778 2194 963 2246 Molossorum.
981 2194 1062 2246 Dutch
1069 2196 1142 2258 jenes
1152 2195 1217 2247 wird

145 2262 325 2329 ausgedrdcht,
343 2263 402 2315 dass
420 2264 465 2316 der
481 2264 565 2331 Konig
582 2264 678 2316 seinem
696 2262 763 2315 Volk
780 2263 844 2315 auch
867 2262 947 2314 durch
965 2262 1006 2314 die
1024 2262 1120 2316 Geburt
1137 2278 1216 2330 ange-

147 2330 227 2383 b'o‘rte.
254 2330 279 2383 S.
299 2346 330 2382 zu
349 2347 370 2384 c.
391 2335 413 2396 l,
432 2335 447 2384 2
465 2334 697 2384 halicarnasseum
715 2335 807 2382 civem.

214 2401 239 2452 3.
258 2401 359 2450 crimen
375 2398 607 2469 ‘Beschuldigung'.
632 2401 683 2453 Der
698 2399 755 2451 Abl.
773 2399 823 2451 wie
840 2397 904 2449 Milt.
924 2402 947 2457 1.
971 2402 988 2451 4
1006 2399 1061 2450 Hoc
1078 2415 1215 2465 responso.

145 2493 178 2505 -
196 2469 269 2535 etuas
288 2466 350 2519 (lore
369 2483 419 2520 rae.
437 2498 470 2507 -
487 2473 623 2537 principes
638 2469 688 2520 ‘die
705 2467 907 2534 hochgestellten
924 2465 1045 2518 Manner'.

213 2538 255 2587 iis.
291 2535 317 2587 ln
334 2483 521 2603 blebensdtaen,
536 2538 635 2589 welche
653 2534 848 2588 deuGedanlten
866 2533 911 2586 des
929 2533 1048 2598 SubJects
1066 2533 1111 2585 des
1120 2533 1217 2601 llaupt-

144 2604 228 2655 scices
245 2601 307 2655 oder
324 2603 370 2655 des
388 2603 505 2668 Subjects
524 2605 594 2657 eines
611 2603 659 2656 den
677 2603 817 2670 Hauptsatz
841 2601 1019 2654 ventretenden
1046 2601 1106 2653 hcc.
1129 2619 1150 2653 c.
1169 2603 1214 2655 lnl.

145 2669 314 2735 ausdrdckem
331 2671 396 2722 wird
414 2671 497 2724 dieses
516 2672 622 2737 Subject
642 2670 807 2738 regehnassig
824 2669 904 2721 durch
927 2669 972 2721 das
990 2669 1149 2721 Reflexivum
1172 2670 1216 2721 be-

144 2736 271 2792 zeichnet:
290 2753 317 2790 es
335 2737 403 2790 kann
416 2738 513 2804 jedoch
530 2740 595 2791 auch
613 2739 691 2790 durch
709 2738 754 2790 das
771 2737 958 2789 Demonstrativ
984 2737 1134 2790 bezeichnet
1151 2753 1216 2789 wer-

145 2805 204 2870 den,
222 2820 298 2858 wenn
315 2804 361 2857 der
377 2806 521 2860 Nebeusatz
539 2808 579 2860 ein
598 2806 705 2860 anderes
722 2807 828 2870 Subject
852 2805 906 2857 bat.
940 2804 999 2858 Dies
1023 2805 1058 2857 ist
1077 2806 1133 2856 hier
1149 2807 1215 2858 auch

144 2872 263 2924 desshalb
287 2873 445 2940 geschehen,
470 2873 530 2926 weil
554 2875 632 2927 sebon
657 2875 702 2926 das
725 2873 830 2938 Subject
853 2872 899 2925 des
921 2872 969 2924 deu
991 2872 1052 2924 hcc.
1073 2890 1095 2926 c.
1113 2874 1158 2926 lul.
1176 2889 1215 2926 re-

142 2940 280 3008 giarenden
297 2941 423 2996 Verbums
440 2943 486 2994 mit
502 2960 530 2994 ae
546 2942 695 2996 bezeichnet
712 2957 773 2993 war.
810 2941 860 2993 Das
878 2941 1022 2993 Pronomen
1049 2942 1157 2993 umlasst
1174 2941 1215 2994 die

140 3011 279 3075 principes
295 3008 347 3061 und
368 3009 423 3062 ihre
440 3011 600 3065 Landsleute.
634 3010 693 3063 blan
718 3009 802 3063 denhe
825 3009 880 3062 sich
906 3009 947 3060 die
971 3009 1065 3061 directe
1083 3010 1153 3061 Rede
1171 3009 1217 3061 der

142 3080 267 3130 eisteten:
286 3080 414 3144 timemus,
432 3095 465 3130 ne
481 3085 596 3147 propter
611 3085 636 3130 to
653 3079 750 3131 bellum
766 3079 843 3130 notu
861 3076 1069 3128 Lacedaemonii
1091 3083 1117 3127 el
1134 3078 1215 3128 Athe-

142 3149 246 3196 nienses
263 3145 393 3197 indicant.

210 3217 234 3266 4.
253 3216 282 3263 in
299 3217 461 3280 praesentia.
489 3212 514 3266 S.
533 3229 564 3264 zu
582 3213 646 3265 Mill.
664 3217 688 3276 7,
707 3217 730 3267 6.
748 3243 782 3250 -
800 3218 1021 3278 quo-tueretur
1047 3212 1138 3279 gehdrt
1156 3228 1215 3264 zum

142 3280 302 3348 Folgenden:
327 3281 414 3333 ‘damit
437 3296 464 3332 er
485 3280 540 3345 (der
563 3280 656 3348 lldnig)
680 3281 738 3346 ihn,
762 3279 886 3332 nacbdem
912 3295 940 3332 er
956 3281 1000 3331 ihn
1018 3280 1214 3347 aulgenommen

140 3348 207 3408 tdies
227 3349 292 3402 uird
315 3349 354 3402 als
375 3349 458 3402 sicher
482 3351 693 3417 rorausgesetzt),
721 3349 768 3400 mit
793 3364 837 3399 um
862 3362 892 3399 so
916 3351 1045 3416 grosserer
1071 3348 1215 3401 demissen-

141 3415 279 3483 beib'gkeit
296 3418 417 3470 schhtze’.
435 3446 469 3457 -
488 3420 653 3468 communic
670 3415 874 3470 ‘Feierlicbkeit’.

210 3488 233 3537 5.
261 3492 451 3551 caperemur
473 3485 552 3538 ‘seiae
574 3485 754 3552 huslieleruag
776 3483 892 3552 verlangt
916 3484 1022 3545 wurde’;
1045 3485 1153 3550 publice
1170 3485 1213 3536 ‘im

139 3550 238 3603 Nemeo
257 3552 302 3605 des
319 3553 422 3606 Starts'.
440 3580 474 3595 -·
490 3553 693 3621 prodere‘Poeis
711 3553 811 3621 gebeu'.
827 3581 862 3591 -
880 3553 1088 3603 coomloretee'di
1104 3554 1140 3604 ‘er
1157 3552 1212 3604 sich

139 3620 167 3671 in
184 3619 327 3672 Sicherheit
342 3621 448 3689 bringe’.
464 3627 573 3685 -oseet,
590 3622 650 3674 weil
668 3621 713 3673 der
730 3619 851 3674 Godanke
874 3621 909 3673 ist
931 3619 1022 3673 ‘scviel
1048 3619 1213 3688 Bedechung,

139 3687 201 3741 dass
219 3687 262 3741 sie'
280 3703 306 3740 u.
325 3703 345 3741 s.
364 3705 398 3741 w.
425 3690 450 3743 S.
469 3705 500 3741 zu
518 3689 581 3741 hltlt.
600 3693 624 3753 3,
642 3693 666 3744 2.

209 3759 233 3809 6.
261 3758 292 3808 in
315 3772 409 3808 navem
434 3758 585 3822 escendere,
603 3761 632 3808 in
655 3760 763 3809 trierem
780 3754 923 3807 moendere
939 3754 1003 3818 (Alc.
1021 3758 1047 3819 4,
1064 3756 1099 3821 3),
1117 3771 1212 3807 neom

141 3824 283 3876 accendere
301 3824 390 3886 (Hann.
409 3829 434 3890 7,
451 3829 476 3889 6)
494 3825 551 3878 sind
568 3823 939 3892 ungewdhnlichehusdrdche
956 3826 1019 3874 statt
1037 3824 1215 3876 reaccendere
