2580 4372
410 168 438 219 ll.
457 167 698 222 xnnmlsrocnes
718 173 741 222 5.
761 173 784 224 6.
1098 167 1137 229 21

67 341 287 421 aggrederetur,
303 342 385 403 brevi
399 342 554 406 universos
570 361 793 424 oppressurum.
823 342 887 405 Hoc
909 363 944 405 eo
965 344 1085 417 valebat,
1101 353 1141 406 ut

67 427 192 506 ingratis
206 428 242 489 ad
257 426 488 506 depugnandum
505 449 607 491 omnes
622 435 809 507 cogerentur.
838 427 900 490 Hae
915 448 947 491 re
963 430 1060 491 audita
1073 430 1140 492 bar·
1156 438 1171 488 5
1271 446 1273 451 ⁸

67 513 168 588 hams,
184 513 260 573 nihil
276 512 334 573 doli
349 513 471 574 subesse
486 515 621 590 credens
637 514 780 594 postridie
795 514 974 575 abenissimo
990 514 1046 575 sibi
1061 516 1139 591 loco,
1176 556 1179 563 ·

68 598 171 659 contra
187 599 442 676 opportunissimo
458 599 602 675 hostibus,
618 600 690 660 adeo
707 607 832 678 angusto
847 600 922 660 mari
943 600 1084 675 conflixit,
1108 608 1142 662 ut

68 683 132 744 eius
154 684 312 744 multitudo
334 683 451 744 navium
473 685 612 764 explicari
635 703 696 745 non
717 683 857 763 potuerit.
886 684 988 746 Victus
1004 704 1074 764 ergo
1097 694 1142 747 est

67 768 162 847 magis
178 768 263 829 etiam
279 768 404 828 consilio
420 768 611 830 Themistocli
628 788 715 849 quam
730 770 819 830 armis
835 769 984 831 Graeciae.

154 851 208 913 Hic
224 854 279 914 etsi
294 853 369 914 male
384 872 446 914 rem
469 863 609 933 gesserat,
631 863 728 916 mmen
745 862 839 915 tantas
861 854 985 916 habebat
1000 855 1172 934 reliquiasb
1196 848 1199 853 ‘
1283 836 1285 841 ¹

69 939 230 1017 copiarum,
246 946 280 999 nt
295 939 382 998 etiam
397 947 460 999 tum
475 940 521 1000 his
537 941 707 1019 opprimere
722 948 823 1018 posset
837 941 947 1001 hostes
978 941 1089 1001 Iterum
1104 940 1140 1001 ab

67 1023 173 1085 eodem
187 1024 280 1104 gradu
295 1023 437 1103 depulsus
452 1032 505 1085 est.
535 1025 608 1086 Nam
622 1025 834 1086 Themistocles
848 1042 963 1099 verene,
980 1045 1017 1085 ne
1031 1024 1142 1086 bellare

66 1117 277 1188 perseveraret,
300 1109 457 1170 certiorem
472 1128 540 1171 eum
562 1110 631 1171 lecit
645 1110 675 1169 id
691 1111 747 1188 agi,
770 1119 803 1170 nt
817 1129 904 1190 pons
928 1124 1016 1190 quem
1038 1111 1087 1171 ille
1109 1110 1141 1170 in

66 1192 260 1274 hellesponto
269 1196 388 1267 fecerat,
401 1194 609 1255 dissolveretur
620 1214 654 1256 ac
665 1196 761 1256 reditu
773 1195 803 1256 in
816 1195 914 1256 Asiam
926 1195 1140 1270 excluderetur,

27 1308 31 1314 ·
65 1279 157 1359 idque
172 1279 198 1340 ei
214 1279 371 1359 persuasit.
402 1279 505 1358 ltaque
521 1298 577 1358 qua
593 1299 644 1340 sex
658 1281 812 1341 mensibus
827 1281 883 1341 iter
903 1282 1023 1356 lecerat,
1040 1282 1142 1341 eadem
1156 1291 1171 1339 2

10 1378 12 1387 ·
65 1365 167 1425 minus
182 1365 286 1426 diebus
301 1384 356 1425 xxx
372 1363 403 1424 in
419 1365 516 1425 Asiam
530 1384 667 1426 reversus
681 1373 725 1426 est
739 1384 830 1444 seque
841 1385 856 1426 a
869 1366 1067 1426 Themistocle
1079 1384 1141 1426 non

66 1458 249 1528 superatum,
265 1451 317 1511 sed
334 1458 539 1510 conservatum
555 1450 701 1512 iudicavit.
732 1451 782 1511 Sic
796 1451 887 1512 nnius
906 1451 962 1510 viri
984 1451 1172 1530 prudentias

66 1534 189 1595 Graecia
217 1535 337 1595 liberata
361 1542 405 1594 est
427 1534 623 1615 Europaeque
646 1536 803 1597 succubuit
824 1537 902 1597 Asia.
946 1535 1025 1596 llaec
1051 1537 1142 1596 altera

67 1619 197 1693 victoria,
220 1639 294 1699 quae
316 1638 384 1680 curn
405 1619 589 1680 Marathonio
609 1620 706 1700 possit
721 1622 884 1700 comparari
906 1629 1038 1699 tropaeo.
1068 1620 1141 1679 Nam
1177 1640 1180 1645 ·
1264 1626 1280 1635 “’

66 1705 239 1784 parimodo
261 1704 339 1784 apud
362 1705 507 1765 Salamina
531 1724 619 1784 parvo
643 1724 767 1766 numero
790 1706 907 1766 narium
928 1706 1051 1766 maxima
1075 1713 1143 1784 post

66 1789 222 1850 hominum
237 1789 409 1851 memoriam
425 1790 526 1851 classis
542 1798 586 1851 est
600 1789 727 1851 devicta.

152 1875 276 1954 Magnus
297 1876 355 1935 hoc
376 1875 453 1936 bello
475 1875 690 1936 Themistocles
704 1876 760 1936 luit
781 1894 878 1954 neque
899 1876 998 1936 minor
1012 1876 1044 1936 in
1059 1883 1177 1954 pacati

66 1959 141 2020 Cum
157 1960 237 2021 enim
248 1959 399 2021 Phalerico
414 1967 504 2039 portu
516 1979 614 2040 neque
628 1980 735 2039 magno
747 1979 845 2039 neque
854 1960 934 2021 bono
945 1962 1142 2022 Athenienses

66 2053 231 2121 uterentur,
254 2046 344 2108 huius
358 2046 483 2107 oonsilio
498 2046 605 2125 triplex
620 2046 714 2108 Piraei
729 2046 833 2125 porius
848 2046 1026 2106 constitutus
1042 2055 1086 2106 est
1101 2047 1141 2107 is·
1251 2057 1253 2061 ’

66 2149 125 2208 que
147 2130 303 2192 moenibus
326 2131 533 2206 circumdatus,
550 2139 583 2191 nt
604 2133 697 2210 ipsam
714 2132 818 2192 urbem
841 2130 980 2210 dignitate
1001 2131 1143 2210 aequipe—

66 2223 170 2288 raret,
190 2215 314 2276 utilitate
337 2224 498 2295 superaret.
529 2216 611 2278 ldem
631 2235 734 2277 muros
757 2216 981 2277 Atheniensium
1013 2216 1171 2276 restituit2

65 2300 229 2379 praecipuo
244 2319 299 2361 suo
314 2301 459 2380 periculo.
488 2301 621 2379 Namque
635 2300 858 2362 Lacedaemonii
874 2319 990 2361 causam
1005 2300 1142 2360 idoneam

66 2384 147 2446 nacti
168 2393 292 2465 propter
312 2385 505 2446 barbarorum
526 2386 732 2461 excursiones,
757 2405 814 2464 qua
835 2393 979 2462 negarent
1003 2393 1143 2462 oportere

134 2553 338 2603 decantabat.
374 2551 399 2603 S.
426 2569 457 2604 zu
482 2553 506 2617 2,
529 2555 551 2603 7.
570 2580 603 2590 --
628 2555 653 2604 5.
675 2554 801 2616 potuerit.
837 2550 862 2603 S.
887 2566 919 2601 zu
941 2549 1005 2604 blilt.
1023 2555 1047 2615 5,
1066 2555 1092 2604 h.
1108 2578 1142 2588 —
1250 2574 1253 2579 ·

66 2620 178 2671 consilio
197 2619 345 2687 ‘Klugheit'.

135 2685 164 2744 5.
183 2688 233 2739 Hic
250 2689 284 2740 ist
302 2687 346 2739 das
364 2687 475 2739 Adverb.
492 2716 526 2726 -
543 2687 613 2738 male
630 2704 686 2737 rem
702 2693 824 2753 gesserat
841 2685 1142 2754 ‘nnghichlichgewesen

67 2760 137 2822 war',
155 2755 282 2822 ‘Unglficlr
302 2757 396 2823 gehabt
414 2757 501 2808 hatte'.

134 2825 280 2875 abeodem:
291 2823 348 2876 dem
354 2823 551 2876 Themistohles.
563 2821 656 2874 Gradu
664 2820 1146 2889 depellera‘ausderStellungwersen’.

134 2895 158 2945 2.
175 2909 224 2942 see
248 2893 390 2944 mansibus.
426 2891 474 2959 Ag.
500 2895 526 2956 A,
550 2894 567 2943 4
590 2891 645 2958 gibt
667 2891 754 2959 Nepos
773 2891 815 2943 ein
839 2888 901 2942 Jahr
918 2905 958 2942 an.
992 2889 1039 2941 Die
1057 2888 1144 2940 wahre

65 2961 121 3014 zeit
137 2975 223 3012 waren
240 2963 257 3012 4
273 2960 385 3012 Monate.
403 2989 437 2996 -
455 2974 576 3010 reversus
594 2965 639 3010 est.
677 2960 767 3011 Besser
784 2961 903 3010 revertu.

92 3049 96 3057 ·
135 3032 158 3082 3.
178 3029 251 3080 Haec
269 3029 355 3079 altera
373 3030 497 3078 victoria.
533 3024 660 3092 Tempora
676 3026 748 3078 finita
766 3041 818 3077 von
835 3042 893 3076 man
918 3025 982 3076 ldsst
999 3022 1084 3089 Nepos
1102 3022 1145 3074 nie

65 3097 92 3149 in
118 3095 246 3148 einfacher
268 3095 412 3162 Erz'dhlung
438 3110 492 3159 aus,
519 3094 629 3145 sondern
653 3094 716 3159 (und
734 3109 802 3146 zwar
820 3109 867 3145 nur
885 3099 924 3144 ast
948 3090 1010 3144 oder
1028 3097 1098 3146 erat)
1116 3091 1148 3150 in

65 3164 209 3218 Sentenzen
226 3163 279 3216 und
296 3163 505 3230 Schildemngcn,
522 3178 564 3213 wo
584 3162 625 3214 die
642 3162 712 3214 Rede
729 3161 854 3214 lebhafter
872 3161 945 3213 wird.
972 3156 1144 3226 ngbladvig

65 3234 82 3301 5
101 3235 180 3286 Alba.
200 3263 229 3271 —
247 3235 340 3298 possit.
375 3231 401 3283 S.
420 3247 452 3282 an
471 3231 624 3281 crederetur
640 3228 705 3282 Mitt.
724 3234 747 3291 3,
767 3233 790 3282 2.

134 3296 164 3357 6.
193 3304 217 3356 1.
241 3299 570 3351 Phalaeco-uterentur·
592 3300 641 3350 ‘am
660 3295 840 3351 Phalerischen
857 3294 938 3348 Halon
960 3292 1046 3345 weder
1069 3293 1142 3344 einen

65 3385 173 3436 grosseu
191 3366 257 3420 noch
286 3372 364 3434 gnten
389 3367 484 3419 hatten'
511 3365 573 3418 oder
598 3367 686 3418 besser
710 3367 816 3419 deutsch
842 3365 883 3425 ‘da
910 3364 955 3415 der
980 3360 1143 3413 Phalerische

64 3438 155 3503 Helen,
172 3436 289 3488 welchen
308 3436 349 3486 die
366 3435 479 3487 Athener
496 3435 625 3498 besassen,
645 3432 732 3486 weder
768 3450 824 3486 ross
843 3431 911 3484 noch
928 3433 975 3497 gut
992 3431 1062 3479 war'.
1101 3492 1109 3509 .

133 3506 246 3556 Pirama
264 3509 353 3571 sagten
372 3502 413 3554 die
430 3503 524 3554 Rdmer
541 3506 604 3554 statt
621 3501 667 3554 des
684 3502 810 3569 richtrgen
830 3501 954 3551 &roseus
971 3499 1142 3566 (Harpessos).

63 3573 113 3627 ller
129 3572 185 3624 Bau
204 3572 287 3625 dieses
304 3571 398 3622 llasens
417 3570 488 3621 ward
504 3573 554 3623 482
573 3587 598 3622 v.
616 3571 660 3621 Ch.
679 3571 822 3636 begonnen,
842 3571 890 3621 477
910 3564 1049 3618 volleudet.

133 3648 166 3693 ut
182 3645 220 3693 ‘so
239 3641 314 3692 dass’.
348 3638 436 3690 Dieser
453 3638 511 3690 Sata
529 3637 630 3689 bezieht
647 3637 702 3689 sich
720 3637 792 3689 mehr
809 3637 855 3688 aul
870 3639 1030 3687 constitutus
1048 3639 1087 3685 ost
1104 3629 1142 3684 als

64 3710 110 3762 aut
125 3708 172 3761 das
190 3709 282 3760 ndcbst
300 3704 522 3773 Vorhergehende.
1163 3715 1164 3720 ¹

135 3769 268 3843 diffinitam
286 3774 449 3836 ‘Schdnheit',
467 3772 572 3838 ‘Glanz',
588 3771 707 3824 ‘Pracht’.

133 3849 158 3899 2.
185 3847 235 3899 478
259 3860 283 3894 v.
309 3843 353 3895 Ch.
371 3871 405 3881 -
422 3858 470 3894 suo
493 3841 541 3892 ‘Nur
558 3840 629 3894 sich’.
647 3868 681 3881 -
698 3855 751 3907 qua
769 3841 824 3893 ‘ans
842 3839 970 3904 welcher',
987 3834 1146 3897 ‘wesshalb’‚
