2580 4372
123 149 164 208 34
393 154 443 205 llll.
461 153 652 207 PAUSANIAS.
671 157 695 208 5.
722 156 753 207 V.
773 155 880 208 GlMON.
901 162 922 208 1.

123 328 154 387 in
162 326 265 407 primis
277 327 312 388 ad
320 326 412 388 filium
419 327 615 388 oladdendum
622 327 748 406 lapidem
754 328 791 388 ad
797 329 951 404 introitum
962 329 1041 390 aedis
1053 329 1198 391 attulisse.

92 421 109 470 4
124 412 173 473 Sic
187 412 347 491 Pausanias
362 431 496 508 magnam
510 412 581 474 belli
597 412 719 491 gloriam
734 414 815 493 turpi
837 423 932 475 morte
947 415 1107 476 maculavit.
1140 415 1197 476 llic

125 517 191 558 cum
208 497 387 558 semianimis
403 499 439 558 de
459 498 572 577 templo
589 497 682 560 elatus
699 506 785 576 esset,
765 500 958 560 tconsestim
974 501 1099 560 animam
1116 501 1200 561 effla·

92 583 171 643 avit.
203 581 293 644 Cuius
315 582 425 643 mortui
449 601 557 664 corpus
581 601 648 644 cum
664 584 767 644 eodem
790 585 916 645 nonnuli
939 585 1070 646 dicerent
1091 586 1197 647 inferri

97 668 270 747 oportere,
284 686 343 746 quo
356 667 376 727 ii
379 687 451 747 ,qur
443 667 497 729 ad
509 668 690 748 supplicium
701 677 800 729 essent
808 669 864 731 da
844 679 876 745 tr,
890 670 1038 749 displicuit
1048 671 1211 750 pluribus,

123 760 151 815 et
165 753 271 832 procul
286 753 322 813 ab
338 772 372 813 eo
387 753 453 813 loco
469 754 650 828 infoderunt,
666 773 725 833 quo
749 763 811 815 erat
825 764 970 815 mortuus
1007 755 1079 816 lnde
1093 764 1196 834 postc-

121 837 184 899 rius
200 838 246 899 dei
261 837 396 917 Delphici
411 857 555 917 responso
573 847 675 900 erutus
690 845 778 916 atque
794 840 898 901 eodem
908 841 974 900 loco
990 841 1125 919 sepultus
1141 849 1197 916 θεῖ,

121 923 172 984 ubi
188 923 276 984 vitam
290 932 438 1002 posuerat.

560 1040 589 1092 V.
618 1040 760 1092 GIMON.

209 1126 316 1203 Cruor,
338 1125 475 1188 Miltiadis
497 1127 590 1204 filius,
614 1128 811 1203 Atheniensis,
835 1128 909 1188 duro
932 1129 1089 1189 admodum
1109 1129 1198 1191 initio

122 1231 195 1273 usus
218 1220 263 1273 est
284 1211 508 1273 adulescentiae.
537 1211 610 1273 Nam
632 1233 700 1274 eum
722 1221 806 1293 pater
828 1214 891 1274 eius
913 1214 994 1275 litem
1016 1213 1196 1275 aestimatam

121 1297 234 1377 populo
249 1296 362 1359 solvere
373 1316 435 1358 non
449 1297 596 1377 potuisset
609 1298 647 1358 ob
663 1317 785 1377 eamque
801 1317 918 1359 causam
934 1298 964 1359 in
978 1299 1082 1359 vinclis
1097 1299 1198 1379 publi-

122 1383 165 1444 cis
181 1381 362 1456 decessisset,
387 1379 490 1444 Cimon
506 1384 605 1444 eadem
629 1383 762 1444 custodia
784 1384 939 1444 tenebatur
961 1403 1058 1462 neque
1080 1385 1199 1463 legibus

122 1467 348 1529 Atheniensium
363 1466 456 1527 emitti
471 1475 596 1547 poterat,
619 1468 677 1528 nisi
693 1468 859 1548 pecuniam,
877 1488 933 1547 qua
956 1475 1039 1548 pater
1054 1470 1195 1533 multatus

91 1561 193 1628 terat,
218 1551 361 1614 solvisset.
396 1551 528 1613 Habebat
550 1560 647 1613 autem
668 1553 699 1613 in
721 1553 908 1614 matrimonio
924 1572 1058 1614 sororem
1080 1572 1195 1632 germa-

122 1657 191 1700 nam
219 1655 302 1698 suam
330 1637 451 1698 nomine
473 1637 646 1717 Elpinicen,
676 1657 737 1699 non
759 1639 852 1718 magis
873 1656 973 1699 amore
996 1658 1083 1718 quam
1112 1660 1196 1702 more

122 1725 237 1785 ductus.
268 1722 400 1802 Namque
415 1723 647 1785 Atheniensibus
662 1723 730 1785 licet
745 1725 850 1784 codem
865 1731 948 1802 patre
977 1731 1059 1785 natas
1088 1741 1195 1788 ιιιιιιθε

91 1816 106 1866 3
122 1808 240 1869 ducere.
275 1806 371 1868 Huius
386 1807 517 1886 coniugii
534 1809 660 1888 cupidus
676 1807 779 1870 Callias
795 1810 922 1889 quidam,
938 1827 1000 1868 nou
1021 1818 1081 1870 tam
1104 1829 1194 1889 gene·

122 1911 209 1954 rosus
224 1910 312 1970 quam
328 1893 520 1970 pecuniosus,
537 1894 588 1971 qui
598 1911 718 1971 magnas
734 1895 877 1972 pecunias
890 1913 925 1955 er
936 1893 1060 1954 metallis
1075 1896 1193 1970 lecerat,

122 1978 182 2057 egit
197 1996 264 2038 eum
280 1975 411 2053 Cimone,
434 1986 469 2037 ut
491 1996 553 2038 eam
575 1978 631 2038 sibi
646 1997 769 2039 uxorem
784 1979 880 2041 daret:
904 1979 939 2038 id
955 1979 980 2038 si
999 1978 1195 2058 impetrasset,

87 2061 159 2124 Ase'
175 2081 229 2143 pro
252 2061 302 2122 illo
324 2062 480 2141 pecuniam
504 2062 680 2125 soluturum.
724 2063 753 2124 ls
782 2082 849 2124 cum
877 2064 964 2125 talem
988 2066 1194 2128 condicionem

121 2154 338 2227 aspernaretur,
353 2146 490 2226 Elpinice
506 2148 621 2228 negavit
642 2167 673 2208 se
695 2167 848 2228 passuram
863 2149 998 2210 Miltiadis
1021 2153 1194 2229 progeniem

190 2317 324 2380 comperit.
359 2312 408 2364 Iler
425 2313 557 2380 Indicativ,
574 2315 659 2366 indem
677 2315 721 2367 der
739 2315 814 2381 eigne
830 2316 934 2367 Bericht
951 2317 997 2367 mit
1015 2318 1071 2369 dem
1081 2318 1194 2371 fremden

123 2383 260 2435 vermischt
279 2381 351 2447 wird,
369 2381 455 2434 weder
472 2382 530 2436 dem
541 2354 814 2451 tiomportarcthlilt
833 2389 858 2450 3,
875 2384 976 2436 Anoch
986 2384 1043 2437 dem
1051 2387 1196 2451 polluentur

120 2452 195 2504 Paus.
215 2454 240 2515 2,
258 2454 357 2517 agana
376 2449 486 2503 ehnlich.

190 2523 214 2572 4.
233 2521 283 2572 473
301 2536 326 2569 v.
345 2518 443 2570 uh.-
461 2524 484 2572 5.
504 2519 606 2581 infarri
624 2519 748 2585 ‘beerdigt
765 2519 929 2571 werden&-
896 2535 990 2584 quo
1000 2536 1028 2570 ιι
1055 2519 1193 2572 Esmusste

122 2605 165 2639 eos
182 2587 298 2647 heissen;
317 2586 348 2638 N.
369 2576 440 2653 hatte
457 2585 625 2648 inferrentur
642 2588 677 2638 im
694 2587 756 2639 Sina
774 2588 826 2639 und
844 2587 878 2638 ist
894 2586 972 2637 durch
990 2586 1038 2637 den
1055 2586 1193 2652 folgenden

58 2683 63 2691 ·
121 2656 196 2708 Rclat
197 2656 277 2706 ivsatz
252 2653 458 2720 tirregeleitet.

190 2723 226 2773 ad
240 2723 402 2788 supplicium
421 2722 509 2773 clare
502 2726 536 2773 ast
525 2720 589 2771 ttal
579 2724 629 2770 tter
619 2721 741 2772 thumlich
759 2720 988 2774 steilerAusdruck
1005 2721 1044 2772 thr
1061 2723 1192 2788 supplicio

122 2791 240 2857 officere,
259 2790 376 2841 ‘binricht
365 2792 426 2841 t'.en
445 2790 619 2854 -pluridus
635 2788 690 2840 ‘der
707 2789 903 2842 Mehrzablk-
927 2788 970 2838 dai
992 2791 1123 2856 Delphici,
1148 2792 1194 2843 des

121 2859 224 2926 Apollo,
242 2859 291 2909 wie
310 2874 336 2910 er
353 2874 404 2909 von
423 2857 472 2909 den
491 2852 648 2909 Griechen‘
637 2875 650 2906 ο
675 2854 777 2912 dsbs‘
765 2877 778 2908 ο
803 2855 832 2909 ἑν
856 2856 972 2925 Δελφοῖς
990 2865 1103 2924 genannt
1120 2860 1195 2910 wird

121 2957 156 2966 -
173 2943 299 2995 responso
319 2926 469 2978 ιΒθεθΙιθίιΓ.
503 2925 553 2978 Der
568 2925 672 3044 Ablgtiv
691 2926 739 2976 wie
757 2925 820 2977 Mitt.
841 2930 863 2990 l,
880 2929 904 2977 4.

632 3008 700 3046 mou.

194 3060 220 3116 1.
242 3065 261 3113 l.
280 3077 344 3111 usus
363 3067 402 3112 eat
417 3061 513 3126 ‘thale',
531 3061 651 3113 ‘erfflebte'
660 3078 762 3112 -oum
779 3067 857 3127 pater
876 3066 973 3112 cr'uau
993 3076 1012 3120 s,
1032 3077 1064 3112 u.
1091 3060 1116 3112 S.
1129 3061 1193 3112 hlilt.

123 3135 147 3196 l,
166 3134 241 3184 6.-
259 3130 290 3182 lit
280 3136 330 3180 tem
349 3136 404 3180 aaut
394 3133 514 3181 timatam
533 3130 581 3180 ‘die
599 3130 650 3181 ihm
669 3130 824 3181 zuerhannte
842 3129 912 3182 Stra
910 3131 1023 3181 summe'

193 3197 284 3250 Cimon
314 3199 404 3248 θαάθιιι
431 3199 552 3248 custodia
581 3200 762 3248 tenebaturu.
786 3213 806 3248 ε.
833 3214 866 3248 w.
901 3197 946 3248 Die
972 3196 1116 3264 Erzdhlung
1142 3213 1193 3249 von

122 3267 223 3318 Cimous
242 3265 454 3332 Gelangenschalt
472 3265 540 3317 kann
559 3266 628 3317 nicht
645 3265 738 3331 ricbtig
755 3266 822 3325 sein;
841 3264 885 3315 ibn
901 3264 1027 3316 konnt'e
1021 3281 1047 3318 ιιι
1066 3266 1123 3316 dem
1141 3281 1192 3317 von

121 3335 207 3403 Nepos
226 3335 408 3402 angegebenen
425 3334 479 3386 Fall
503 3349 550 3384 nur
573 3333 613 3385 die
631 3333 732 3397 Atimie,
750 3331 774 3384 d.
793 3333 818 3389 h.
835 3333 1050 3399 Ausschliessnng
1074 3350 1124 3385 von
1144 3334 1192 3385 den

121 3404 274 3468 politischen
292 3403 414 3466 Rechten,
433 3401 530 3454 tredan.

191 3474 214 3522 2
233 3487 351 3521 sororem
369 3486 533 3559 permenam.
562 3468 762 3534 S...-zupr4
728 3469 870 3518 -eodem
887 3475 965 3535 patra
983 3474 1062 3519 ιιιιῖιιι
1079 3467 1192 3519 ‘Schwe

122 3544 191 3590 stern
209 3555 269 3598 vom
288 3540 376 3591 selben
393 3539 488 3602 Vater’,
505 3553 604 3587 uxorea
624 3536 786 3587 ‘UzuFrauen

190 3610 213 3660 3.
233 3608 319 3657 Huius
337 3609 459 3672 coniugii
476 3620 526 3657 von
546 3606 595 3656 hoo
612 3606 768 3668 coniugium
792 3605 846 3655 ‘mit
868 3605 956 3656 dieser’
981 3603 1036 3667 (der
1060 3603 1193 3670 Elpinice),

121 3675 172 3726 wie
195 3674 271 3726 Paus,
296 3680 320 3740 4,
343 3678 358 3728 6
383 3691 441 3725 eum
464 3677 634 3724 oeuiamoe
655 3689 801 3738 generosus
826 3673 876 3725 wie
899 3673 979 3723 Them
1000 3676 1022 3731 1,
1042 3674 1064 3724 2.
1083 3702 1116 3711 -
1139 3674 1195 3746 egit

119 3743 232 3795 4ιθιῖθῖθ’Ι

189 3815 213 3863 4.
233 3809 414 3862 condicionem
432 3809 554 3875 ‘Antrag',
571 3807 739 3875 ‘Vorschlag’.
