2580 4372
458 136 489 188 ll.
509 135 756 190 ruumsroctus.
775 139 799 190 8.
1121 131 1161 195 23

90 307 394 371 Lacedaemoniorum
407 308 518 387 legatos
533 309 722 384 dimitterent,
738 327 826 388 quam
841 310 905 389 ipse
920 319 998 372 esset
1010 310 1162 372 remissus.

92 394 155 455 Hos
181 401 337 474 postquam
362 394 491 455 Athenas
517 396 686 474 pervenisse
711 403 792 456 ratus
818 405 876 471 est,
903 396 939 456 ad
963 396 1194 474 magistratumt

89 487 288 558 senatumque
303 477 601 542 Lacedaemoniorum
616 480 686 541 adiit
701 486 730 542 et
751 480 829 560 apud
852 499 902 541 eos
923 480 1071 542 liberrime
1093 499 1163 560 pro·

90 565 189 626 fessus
205 571 263 627 est:
279 563 467 627 Atheniensis
482 584 536 626 suo
549 565 682 640 consilio,
698 566 779 645 quod
790 565 940 626 communi
955 565 1019 627 iure
1031 565 1164 645 gentium

93 651 190 712 iacere
205 655 337 729 possent,
360 649 430 709 deos
450 650 586 728 publicos
608 669 737 729 suosque
759 651 923 731 patriosac
944 658 1081 730 penates,
1104 669 1163 728 quo

92 734 208 796 facilius
222 733 258 795 ab
274 733 359 794 hoste
373 743 496 813 possent
511 736 678 812 defendere,
693 736 785 798 muris
800 734 943 814 saepsisse
958 754 1056 815 neque
1071 734 1102 795 in
1118 753 1163 810 eo,

93 818 176 899 quod
190 818 294 880 inutile
309 826 387 880 esset
402 818 550 896 Graeciae,
565 821 681 882 iecisse.
702 821 775 882 Nam
790 821 909 882 illorum
924 821 1029 882 urbem
1042 829 1077 880 ut
1090 837 1161 899 pro·
1177 831 1193 880 5

93 903 294 985 pugnaculum
310 904 479 982 oppositum
491 924 556 966 esse
570 905 715 979 barbaris;
732 907 811 985 apud
822 924 910 985 quam
925 905 983 966 iam
997 904 1043 966 his
1056 905 1164 966 classes
1275 918 1278 923 '

93 989 190 1069 regias
204 988 310 1050 fecisse
325 989 520 1067 naufragium.
549 990 796 1053 Lacedaemonios
810 999 908 1052 autem
922 991 997 1052 male
1012 996 1041 1052 et
1055 989 1165 1051 iniuste
1179 999 1195 1049 6

93 1075 208 1149 iacere,
231 1073 332 1152 quiid
354 1074 453 1152 potius
476 1075 681 1151 intuerentur,
703 1076 782 1154 quod
804 1077 937 1154 ipsorum
963 1074 1165 1151 dominationi,

91 1177 183 1239 quam
197 1159 278 1237 quod
292 1157 447 1221 universae
461 1160 599 1222 Graeciae
614 1161 686 1222 utile
702 1170 788 1223 esset.
818 1161 925 1236 Quare,
947 1160 973 1221 si
995 1179 1065 1221 suos
1086 1160 1165 1238 lega-

91 1251 139 1305 tos
154 1243 289 1322 recipere
304 1242 419 1320 vellent,
436 1263 512 1323 quos
527 1246 654 1308 Athenas
669 1245 819 1324 miserant,
835 1265 867 1308 se
889 1245 1088 1320 remitterent;
1113 1243 1165 1306 ali·
1207 1260 1211 1265 ·

91 1336 139 1391 ter
153 1329 220 1390 illos
235 1346 398 1406 numquam
411 1330 443 1390 in
459 1318 582 1410 patriam
598 1338 696 1392 essent
709 1331 869 1410 recepturi.

179 1413 291 1474 Tamen
314 1431 375 1474 non
399 1415 501 1495 effugit
522 1416 628 1477 civium
650 1435 774 1478 suorum
795 1416 943 1478 invidiam.
978 1415 1111 1492 Namque
1127 1413 1198 1482 oh8

90 1498 221 1561 eundem
235 1499 381 1575 timorem,
398 1518 457 1579 quo
480 1502 632 1563 damnatus
653 1510 715 1563 erat
729 1501 882 1578 Miltiades,
904 1500 1078 1562 testularum
1100 1500 1162 1560 sui·

90 1583 193 1662 fragiis
217 1603 233 1644 e
256 1583 368 1645 civitate
391 1584 502 1648 eiectus
524 1589 618 1666 Argos
639 1586 799 1649 habitatum
821 1586 976 1648 concessit.
1021 1584 1076 1646 Hic
1097 1591 1196 1645 cum2

162 1771 187 1819 4.
204 1772 378 1830 magzatrarua
395 1768 449 1820 hier
466 1769 515 1820 wie
532 1769 591 1838 Lys.
609 1774 634 1834 4,
653 1773 667 1823 3
687 1769 727 1821 die
745 1769 872 1836 Ephoren‚
889 1769 944 1821 also
968 1769 1007 1820 ein
1027 1771 1161 1821 Beamten-

91 1836 238 1902 collegium,
256 1836 282 1886 in
300 1835 410 1888 welcher
428 1835 560 1890 Bedeutun
596 1839 641 1890 der
657 1837 797 1905 Singularis
815 1841 887 1890 sonst
903 1853 955 1889 von
973 1846 1052 1906 guter
1062 1837 1167 1890 Schriit

92 1904 197 1956 stellein
216 1902 286 1955 nieht
303 1904 443 1970 gebraucht
459 1905 531 1958 wird.
591 1907 720 1960 ebersetze
744 1905 795 1958 ‘die
814 1904 1013 1973 Obrigkeit’.,—
1031 1907 1167 1957 liberrime

89 1973 148 2024 ‘mit
165 1971 210 2024 der
227 1974 345 2038 grossten
362 1971 505 2026 Offenheit'.

162 2040 234 2105 quod
251 2044 386 2091 communi
403 2057 426 2093 u.
444 2057 464 2093 s.
483 2058 515 2094 w.
533 2041 583 2094 Das
600 2041 701 2094 Relativ
720 2040 821 2094 hezieht
838 2041 892 2094 sich
914 2040 959 2092 aui
974 2040 1019 2093 das
1041 2038 1162 2108 lolgende

95 2109 337 2174 deos-saepsisse.

163 2176 204 2226 dii
218 2176 322 2242 pollici
338 2175 388 2227 ‘die
405 2176 567 2242 nationalen’,
584 2177 611 2227 in
629 2192 693 2244 ganz
711 2175 909 2237 Griechenland;
934 2179 1021 2243 patrii
1040 2174 1090 2227 ‘die
1112 2174 1166 2227 hei·

93 2243 266 2308 mathliehen’,
283 2244 309 2295 in
328 2242 377 2294 den
395 2244 525 2296 einzelnen
543 2245 647 2297 Staaten
665 2245 729 2311 (hier
745 2245 852 2306 Attica);
875 2250 984 2312 penates
1001 2242 1052 2295 ‘die
1069 2242 1165 2308 liaus’·,

93 2311 121 2363 in
138 2311 189 2364 den
205 2311 326 2364 Familien
344 2312 477 2364 verehrten
494 2311 608 2364 ι000εή

164 2381 194 2429 in
211 2396 249 2442 eo,
266 2379 350 2432 indem
368 2379 406 2431 sie
431 2379 485 2431 dies
510 2380 616 2447 gethan:
642 2380 743 2440 ‘darin';
773 2381 820 2431 wir
846 2378 1035 2446 gewdhnlicher
1061 2376 1167 2429 ‘damit’.

94 2445 150 2500 Vor
167 2447 238 2512 quod
254 2446 337 2499 denke
355 2451 506 2514 quicquam.

164 2519 188 2568 5.
215 2519 373 2582 oppositum.
408 2516 445 2567 lm
461 2514 637 2567 lateinischen
654 2513 747 2566 richtet
770 2513 824 2566 sich
842 2511 888 2565 das
905 2511 1018 2564 Verbum
1035 2510 1168 2564 hisweilen

93 2582 160 2635 nach
178 2581 236 2635 dem
253 2599 312 2634 rum
328 2582 478 2650 Vergleiche
496 2581 861 2650 hinzugefdgtenSubstsntir,
880 2595 957 2633 wenu
974 2595 1002 2633 es
1020 2579 1168 2632 demselben

93 2650 169 2718 iolgt.
205 2651 298 2718 Zumpt
316 2653 331 2716 ξ
351 2655 401 2704 370
417 2653 498 2717 Anm,
516 2650 619 2718 Madvig
673 2653 720 2704 217
740 2651 816 2702 Anm.
836 2653 861 2701 2.

93 2785 147 2838 aa
163 2718 411 2840 §hillidii
426 2720 466 2841 ⁶5²³*
482 2734 622 2839 ”iitdt
656 2718 728 2839 ”At
743 2717 784 2838 tt
797 2713 1169 2849 ttlttttttttt‘ttt

92 2854 173 2908 licher
189 2853 330 2907 Ausdruch.
1225 2845 1231 2860 ’

161 2926 186 2976 6.
204 2928 290 2974 essent
305 2925 447 2988 recepturi.
481 2921 527 2973 Die
544 2921 639 2974 directe
656 2921 726 2974 Rede
744 2923 812 2973 wire
829 2921 980 2985 recipietis:
998 2918 1053 2970 also
1071 2923 1169 2971 musste

94 3004 125 3042 es
143 2991 168 3042 in
187 2989 232 3042 der
248 2989 388 3043 indirecten
410 2989 512 3042 heissen
535 3006 589 3040 esse
613 2996 768 3057 recepturos
785 2987 858 3048 (oder
874 2987 961 3039 hesser
978 2986 1066 3053 passiv
1084 2987 1116 3037 at
1135 2989 1170 3038 tte

95 3062 230 3176 rapeptum
253 3061 309 3120 im').
344 3058 430 3125 Nepos
453 3058 487 3109 ist
512 3057 592 3110 durch
615 3056 665 3109 den
689 3054 914 3122 vorhergehenden
933 3053 1085 3118 conjunctiv
1108 3054 1169 3106 irre·

114 3125 209 3178 eeitet.

95 3141 113 3193 g
166 3188 194 3250 8.
221 3197 243 3246 1.
272 3209 333 3259 quo.
361 3192 387 3244 S.
406 3207 437 3243 zu
456 3209 478 3245 c.
496 3195 520 3255 6,
540 3195 563 3244 2.
582 3222 616 3231 -
634 3193 792 3244 testularum
809 3191 954 3256 suffragia,
973 3183 1166 3256 ὄστρακισμός,

96 3259 348 3328 ‘Scherhengericht’.
375 3259 458 3311 llurch
475 3261 516 3312 ein
534 3261 634 3313 solches
652 3259 749 3312 konnte
766 3258 792 3310 in
802 3258 887 3310 Athen
905 3258 946 3310 ein
955 3258 1059 3323 Burger,
1076 3254 1168 3308 dessen

94 3328 279 3382 Anwesenheit
295 3343 353 3379 man
371 3327 417 3379 mit
433 3327 491 3380 dem
507 3327 662 3381 Staatswohl
685 3329 725 3379 ihr
745 3325 935 3393 unrertraiglich
957 3325 1036 3388 hielt,
1059 3322 1169 3376 entiemt

96 3396 209 3450 werden.
244 3396 281 3448 Zn
299 3395 462 3449 bestimmten
479 3396 566 3449 Zeiten
584 3395 681 3449 konnte
698 3395 742 3448 der
758 3393 857 3460 Antrag
875 3393 919 3445 aui
935 3390 1106 3445 Ostrakismus
1125 3407 1168 3459 ge·

93 3465 168 3517 stelit
184 3465 299 3529 werden,
326 3462 377 3515 und
399 3464 475 3516 nahm
499 3464 543 3515 ihn
565 3464 606 3517 die
624 3462 875 3517 Volksversammlun
922 3475 963 3525 an,
980 3475 1010 3513 so
1028 3459 1109 3526 gehen
1127 3460 1168 3512 die

96 3532 202 3600 Burger,
221 3531 318 3584 welche
335 3531 375 3583 iiu
392 3530 434 3583 die
449 3532 608 3600 Entiernuug
623 3530 760 3587 demandes
778 3544 872 3608 waren,
878 3476 1009 3609 leherben
1027 3521 1168 3597 timaeo)

96 3601 143 3652 mit
160 3601 258 3654 seinem
274 3599 371 3652 Namen
389 3598 432 3658 ah;
452 3614 537 3653 waren
555 3604 621 3655 6000
639 3599 767 3654 Scherhen
790 3600 837 3649 mit
854 3611 950 3649 semem
972 3596 1069 3648 Namen
1092 3595 1124 3647 ab
1143 3610 1169 3647 e·

95 3669 188 3736 gehen,
205 3683 234 3720 so
251 3667 321 3719 hatte
338 3666 393 3719 sich
411 3666 452 3718 die
469 3667 624 3721 betreiiende
643 3668 737 3720 Person
756 3665 822 3718 ohne
834 3664 938 3718 weitere
955 3662 1104 3717 Nachtheile
1126 3611 1174 3736 liu

95 3737 149 3789 sich
168 3737 214 3788 auf
232 3739 262 3790 10
271 3737 418 3855 (pppdtersd)
435 3734 512 3788 lehre
529 3750 575 3789 aus
593 3736 651 3789 dem
668 3734 740 3788 Staat
758 3749 790 3785 zu
808 3733 947 3787 entiemen.
974 3731 1063 3786 'l'hem
1081 3729 1172 3783 wurde

96 3819 140 3856 um
158 3808 210 3858 476
227 3821 252 3858 r.
309 3807 450 3856 .entemt.
