2580 4372
463 159 538 212 llllll.
557 158 740 214 uuusuaus.
759 163 783 213 3.
1055 165 1059 170 '
1100 157 1158 216 105

90 341 172 405 tans,
194 331 274 410 quod
295 331 391 410 ipsius
411 342 495 394 erant
515 333 641 411 plurima
663 333 809 394 domicilia
832 333 863 393 in
880 333 962 394 Caria
984 340 1012 393 et
1033 333 1158 411 carogio

90 417 137 477 his
152 416 337 494 temporibus
357 417 451 477 multo
472 417 631 496 putabatur
650 418 895 499 locupletissima,
918 436 957 479 eo·
975 413 1160 496 potissimum

89 501 184 562 hostis
200 501 344 580 impetum
360 501 498 575 facturos,
521 503 618 563 omnis
639 520 707 564 suas
729 502 828 581 copias
850 521 884 562 eo
901 510 1094 563 contraxerat.
1125 505 1161 563 ht
1174 515 1207 569 2.

91 586 244 664 Agesilaus
265 586 295 645 in
318 584 474 664 Phrygiam
497 607 528 648 se
549 588 694 648 convertit
716 605 840 665 eamque
861 587 945 666 prius
965 587 1160 666 depopulatus
1188 625 1190 628 -

90 677 145 746 est,
161 688 248 749 quam
261 670 475 748 Tissaphernes
491 690 613 751 usquam
630 682 814 733 semoveret.
844 672 948 750 hlagna
963 672 1070 750 praeda
1084 671 1161 732 mili-

90 756 171 816 tibus
193 754 379 834 locupletatis
400 755 551 834 Ephesum
572 757 732 818 hiematum
752 756 912 817 exercitum
937 757 1054 818 reduxit
1074 764 1162 834 atque

92 839 133 900 ihi
148 840 273 900 officinis
288 858 437 901 armorum
452 842 595 902 institutis
609 858 714 920 magna
729 841 872 902 industria
882 841 992 901 bellum
1003 840 1160 920 apparavit.

91 925 130 985 Et
144 944 203 1003 quo
218 924 381 985 studiosius
394 934 581 986 armarentur
595 927 802 1005 insigniusque
817 934 1010 999 ornarentur,
1032 925 1159 1005 praemia

91 1009 263 1089 proposuit,
284 1008 393 1088 quihus
408 1010 604 1085 donarentur,
629 1030 757 1090 quorum
772 1011 889 1088 egregia
911 1011 941 1070 iu
963 1029 997 1071 ea
1011 1029 1043 1071 re
1057 1011 1162 1071 luisset
1270 1054 1273 1059 ·

91 1094 246 1155 industria.
287 1094 369 1155 Fecit
393 1096 471 1155 idem
495 1095 526 1155 iu
551 1096 791 1156 exercitationum
823 1095 996 1175 generibus,
1028 1103 1075 1168 ut,
1109 1095 1190 1173 quia

91 1179 198 1240 ceteris
212 1179 436 1257 praestitissent,
451 1199 502 1240 eos
517 1181 632 1257 magnis
647 1182 777 1242 afficeret
792 1180 974 1241 muneribus.
1005 1179 1057 1240 His
1070 1179 1162 1258 igitur

91 1263 182 1325 rebus
204 1263 317 1336 effecit,
342 1272 376 1324 ut
401 1274 430 1326 et
450 1266 670 1326 ornatissimum
692 1274 721 1326 et
742 1265 1014 1326 exercitatissimum
1040 1264 1161 1324 haberet

91 1347 263 1409 exercitum.
1145 1380 1147 1385 ·

176 1432 253 1494 Huic
268 1451 338 1492 oum
351 1442 469 1511 tempus
484 1442 561 1494 esset
574 1434 668 1503 risum
690 1435 790 1513 copias
806 1435 957 1495 extrahere
974 1453 1009 1494 ex
1023 1433 1191 1498 hiberna-4

91 1517 182 1590 oulis,
207 1517 293 1592 vidit,
320 1518 360 1592 si,
387 1536 447 1596 quo
470 1528 547 1579 esset
566 1519 622 1579 iter
642 1514 788 1594 facturus,
812 1519 907 1599 palam
929 1519 1159 1598 pronuntiasset,

91 1603 185 1662 hostis
206 1621 268 1663 non
291 1602 455 1662 credituros
477 1602 609 1681 aliasque
628 1603 765 1681 regiones
788 1603 942 1683 praesidiis
965 1612 1161 1682 occupaturos

91 1705 190 1765 neque
205 1687 389 1748 dubitaturos
404 1688 483 1748 aliud
495 1706 565 1748 ,eum
580 1689 735 1764 facturum,
750 1707 785 1749 ac
800 1688 1029 1767 pronuntiasset.
1059 1688 1161 1766 ltaque
1175 1703 1190 1751 a

91 1791 160 1832 oum
173 1771 223 1832 ille
238 1771 337 1832 Sardis
351 1773 463 1833 iturum
477 1790 509 1832 se
527 1773 655 1847 dixisset,
678 1772 891 1852 Tissaphernes
913 1773 1034 1834 eandem
1050 1772 1163 1833 Cariam

90 1856 304 1918 defendendam
318 1858 439 1935 putavit.
465 1857 500 1917 ln
516 1876 575 1937 quo
591 1876 658 1918 cum
673 1876 741 1918 eum
757 1857 858 1937 opinio
873 1857 1024 1918 fefellisset
1037 1857 1162 1918 victum-

92 1959 151 2020 que
166 1960 198 2002 se
212 1941 333 2002 vidisset
347 1941 482 2017 consilio,
498 1960 566 2002 sero
582 1943 644 2004 suis
657 1943 805 2021 praesidio
826 1942 977 2022 profectus
999 1951 1051 2002 est.
1087 1942 1160 2013 Nam

93 2044 161 2087 cum
177 2025 227 2086 illo
242 2026 388 2103 venisset,
410 2027 467 2088 iam
483 2028 635 2106 Agesilaus
656 2027 757 2089 multis
778 2028 851 2089 locis
866 2027 1041 2106 expugnatis
1056 2044 1161 2105 magua

92 2119 155 2172 erat
179 2111 287 2189 praeda
310 2111 431 2191 potitus.
468 2112 545 2173 Laco
569 2120 665 2174 autem
688 2131 755 2173 oum
776 2113 887 2173 videret
910 2112 1002 2172 hostis
1029 2112 1189 2190 equitatus

91 2213 243 2275 superare,
265 2214 427 2275 numquam
450 2196 481 2256 in
504 2214 607 2276 campo
629 2197 675 2256 sui
696 2197 765 2258 fecit
786 2204 960 2277 potestatem
981 2205 1010 2256 et
1030 2196 1066 2257 iis
1088 2196 1160 2256 locis

90 2298 213 2342 manum
228 2280 393 2355 conseruit,
417 2279 525 2360 quibus
546 2282 615 2361 plus
639 2281 790 2361 pedestres
813 2281 915 2360 copiae
936 2279 1074 2342 valerent.
1104 2279 1160 2341 Pe·

90 2468 199 2530 satxung
224 2464 302 2516 uimm
329 2466 411 2515 hostis
436 2479 483 2516 vor
509 2465 581 2530 qood
607 2463 696 2515 herauf
721 2463 773 2515 und
797 2464 860 2514 dher
884 2462 933 2514 den
959 2463 1019 2513 Aeo.
1037 2477 1058 2513 o.
1076 2462 1121 2513 lnf.
1136 2477 1161 2513 s.

89 2542 123 2583 zu
140 2547 178 2597 pr.
199 2537 221 2584 l.

161 2599 298 2650 domicilia
321 2599 376 2650 hier
396 2599 561 2664 ‘Schldsser’‚
584 2599 722 2652 ‘Palldste'.
757 2597 807 2648 Das
830 2597 940 2650 reiehste
963 2597 1031 2649 Laud
1056 2598 1164 2649 Vorder-

90 2667 176 2718 aciens
193 2681 249 2718 war
265 2666 369 2734 Lydien.

160 2736 185 2786 2.
210 2750 324 2800 usquam
347 2750 376 2787 se
393 2742 510 2786 moueret
527 2736 589 2787 ‘sich
608 2733 784 2802 irgendwohiu
802 2734 827 2784 in
846 2733 995 2800 Bewegung
1013 2734 1110 2785 setzte'.

162 2809 335 2854 amarentur
353 2803 416 2856 ‘sich
432 2803 628 2864 hewaffneten’;
655 2805 790 2868 imigm‘os
814 2807 979 2852 ornarentur
1002 2800 1162 2867 ‘glinaender

90 2873 279 2922 assstatteteu'.
295 2898 328 2909 -
348 2875 458 2936 egregia
476 2871 696 2939 ‘suspendebant

160 2941 185 2990 3.
212 2941 423 3004 amatissimum,
450 2939 606 3006 ‘vomdglich
632 2937 761 3005 gerdstet',
784 2938 892 2989 undasst
914 2937 968 2988 hier
990 2936 1032 2987 die
1054 2936 1163 2989 Bewall·

179 3006 234 3058 mit.

91 3020 185 3126 mg&
204 3077 253 3126 395
271 3089 296 3124 v.
315 3074 359 3125 (lh.
377 3101 411 3113 --
427 3074 565 3138 praesidio
583 3073 640 3125 sind
664 3072 819 3124 schulzende
842 3071 971 3137 Truppen.
1009 3070 1162 3123 Uehersetre

90 3141 194 3193 ‘andere
211 3140 347 3208 Gegenden
365 3141 444 3194 durch
461 3142 515 3193 ihre
530 3140 681 3209 Stellungen
698 3140 795 3193 decken
813 3139 936 3195 wurdeu'.

159 3225 227 3273 eum,
245 3208 331 3260 indens
349 3208 395 3261 das
412 3210 517 3273 Subjeot
535 3210 580 3262 des
598 3211 657 3262 Aoo.
675 3225 696 3261 c.
715 3209 761 3261 luf.
779 3210 883 3272 (hostis)
908 3206 965 3258 dem
982 3205 1162 3257 Schriftsteller

90 3275 191 3329 starker
214 3277 392 3329 vorschwehte
415 3278 452 3329 als
474 3277 520 3329 das
543 3276 649 3342 Suhjeot
672 3277 717 3329 des
740 3277 789 3329 den
808 3276 868 3327 Ace.
891 3291 912 3326 c.
930 3273 974 3324 lut
997 3272 1162 3342 replerendan

90 3344 218 3396 Verhums
236 3344 332 3408 (vidit).
359 3344 695 3398 llasGehrduchlicheware
711 3361 739 3394 se
757 3358 884 3411 geweseu.
911 3341 969 3406 Vgl.
988 3355 1020 3390 ou
1029 3339 1091 3390 llllt.
1101 3343 1125 3404 4,
1136 3344 1159 3392 5.

160 3417 184 3466 h.
203 3416 303 3464 uictum
319 3429 347 3462 se
364 3415 476 3464 oonsilio
494 3413 561 3465 ‘dass
579 3428 607 3464 er
623 3413 787 3479 snKlugheit
803 3409 961 3471 dherboteo',
977 3407 1011 3457 ‘in
1030 3406 1075 3460 der
1083 3407 1162 3475 lllug-

90 3479 146 3531 heit
163 3480 312 3547 unterlegen
330 3481 383 3532 sei’.

161 3551 185 3600 6.
214 3563 343 3614 superare
359 3548 504 3615 ‘dherlegen
522 3549 593 3600 seiu’.
621 3576 657 3586 -
681 3550 726 3598 soi
750 3545 817 3606 feeit
840 3547 996 3610 potestatem
1017 3541 1085 3594 ‘liess
1098 3542 1163 3594 'sloh

89 3615 271 3667 heilmmmen'.
305 3615 445 3683 Uehrigeus
463 3616 522 3668 ham
546 3632 574 3668 es
592 3631 640 3666 nur
657 3614 760 3666 dreimal
778 3628 836 3664 zum
854 3609 953 3662 Treffen
973 3609 1024 3662 und
1037 3609 1164 3675 Jedesmal

89 3685 118 3734 in
137 3683 181 3735 der
198 3684 283 3735 Ehene
301 3698 384 3751 gegen
401 3684 442 3736 die
458 3683 595 3736 feindliche
612 3683 734 3741 Reiterei;
752 3682 787 3732 im
795 3677 968 3746 llaupttrelleu
986 3693 1027 3729 am
1045 3677 1163 3730 Pactolus

90 3752 175 3818 siegte
197 3752 350 3817 Agesilaus,
373 3752 399 3802 in
427 3751 475 3803 den
498 3752 588 3803 beiden
613 3751 708 3803 andem
729 3747 940 3801 unbedeutenden
962 3745 1098 3797 Geleohten
1122 3745 1163 3796 dle
1264 3758 1266 3763 ·

91 3819 192 3871 Perses.
