2580 4372
158 189 199 252 82
547 191 620 243 Xllll.
638 191 800 245 DATAMES.
818 196 842 244 5.

159 387 217 449 que
231 366 379 446 proficisci
394 371 527 443 pararet,
550 364 647 425 subito
663 385 678 424 a
694 383 764 445 rege
785 365 899 427 litterae
914 375 985 428 sunt
1006 366 1033 429 ei
1055 367 1182 442 missae,
1203 374 1237 429 nt

158 453 260 532 hspim
269 450 489 531 aggrederetur,
497 450 548 528 qui
560 449 726 510 Cataoniam
737 451 871 525 tenebat3
888 469 964 529 quae
975 470 1050 530 gens
1058 452 1137 514 iacet
1147 472 1237 533 supra

128 549 144 599 2
159 538 298 611 Ciliciam,
314 536 440 597 confinis
455 533 665 614 Cappadociae.
694 535 828 615 Namque
843 537 939 615 Aspis,
955 536 1117 599 saltuosam
1138 539 1237 618 regio-

159 642 228 684 nem
243 621 428 699 castellisque
442 622 587 680 munitam
602 620 746 696 incolens,
761 640 823 681 non
838 623 934 682 solum
945 623 1073 702 imperio
1083 624 1167 703 regis
1176 643 1236 687 non

158 707 287 789 parebat,
303 708 354 769 sed
369 707 457 768 etiam
470 705 609 767 finitimas
624 706 761 784 regiones
775 706 896 768 vexabat.
911 714 948 781 et,
965 727 1040 787 quae
1055 708 1122 787 regi
1137 717 1237 790 porta·

128 803 144 854 3
159 802 273 868 rentur,
290 790 461 872 abripiebat.
492 791 625 852 Datames
640 791 695 852 etsi
709 791 798 870 longe
819 793 919 853 aberat
938 793 1035 855 abhis
1057 795 1235 873 regionibus

159 887 188 942 et
202 879 337 940 amaiore
351 896 384 937 re
394 876 625 950 abstrahebatur,
641 883 738 937 tamen
753 877 831 956 regis
843 877 984 940 voluntati
999 896 1115 940 morem
1128 898 1236 960 geren·

159 966 228 1025 dum
244 962 366 1043 putavit.
395 963 497 1040 ltaque
512 981 580 1022 cum
594 961 707 1040 paucis,
730 963 781 1023 sed
795 963 865 1024 viris
887 964 1013 1025 fortibus
1034 983 1141 1027 navem
1163 985 1235 1028 con-
1262 998 1270 1009 ·

159 1050 282 1123 scendit,
299 1047 478 1124 existimans,
494 1047 573 1125 quod
588 1047 703 1123 accidit,
717 1046 833 1109 facilius
848 1068 879 1110 se
901 1048 1123 1128 imprudentem
1146 1070 1235 1132 parra

128 1144 248 1197 lmann
264 1151 478 1214 oppressurum
494 1151 582 1212 quam
593 1140 728 1211 paratum
744 1133 875 1212 quamvis
886 1152 993 1214 magno
1006 1135 1149 1198 exercitu.
1173 1136 1235 1199 Hac

159 1220 272 1282 delatus
295 1219 325 1279 in
343 1217 487 1292 Ciliciam,
510 1235 647 1296 egressus
663 1216 749 1290 inde,
773 1219 835 1279 dies
856 1227 1020 1299 noctesque
1039 1220 1099 1282 iter
1119 1222 1234 1283 iaciens

158 1305 288 1365 'laurum
304 1302 420 1364 transiit
435 1321 539 1381 eoque,
563 1321 622 1381 qino
638 1303 806 1380 studuerat,
827 1305 917 1365 venit.
962 1306 1098 1379 Quaerit,
1123 1307 1235 1386 quibus

158 1390 231 1451 locis
246 1390 285 1451 sit
300 1389 403 1469 Aspis;
425 1388 579 1466 cognoscit
592 1387 669 1447 haud
683 1386 779 1467 longe
795 1388 897 1450 abesse
912 1390 1142 1472 profectumque
1165 1411 1235 1455 eum

158 1484 305 1536 venatum.
344 1474 423 1544 Quae
439 1473 508 1534 dum
524 1473 703 1552 speculatur,
724 1474 865 1535 adventus
892 1475 955 1536 eius
971 1495 1059 1537 causa
1074 1478 1234 1554 cognosci·

158 1571 217 1623 tur.
248 1559 359 1620 Pisidas
374 1577 443 1620 curn
457 1558 510 1633 eie,
526 1577 601 1637 qnos
616 1577 717 1619 secum
731 1558 865 1636 habebat,
880 1561 916 1621 ad
931 1561 1130 1623 resistendum
1146 1562 1235 1643 Aspis

127 1655 143 1705 o
158 1653 317 1725 comparat.
345 1643 378 1704 ld
392 1644 527 1705 Datames
538 1644 589 1704 ubi
603 1643 722 1720 audivit,
737 1663 817 1705 arma
832 1645 931 1721 sumit,
947 1664 1017 1717 suos
1033 1647 1119 1726 sequi
1135 1647 1236 1724 iubet3

157 1733 221 1812 ipse
244 1748 321 1810 equo
343 1730 489 1791 concitato
518 1730 554 1790 ad
582 1729 698 1790 hostem
724 1730 849 1790 vehitur.
894 1730 987 1801 Quem
1010 1732 1117 1811 procul
1144 1734 1233 1813 Aspis

159 1817 348 1896 conspiciens
362 1817 398 1876 ad
414 1833 445 1876 se
460 1815 605 1876 ferentem
619 1814 801 1894 pertimescit
814 1824 903 1894 atque
918 1836 934 1876 a
949 1826 1056 1878 conatu
1072 1817 1232 1880 resistendi

159 1901 317 1963 deterritus
332 1920 396 1962 sese
412 1899 530 1961 dedidit.
553 1898 642 1960 flunc
656 1899 790 1962 Datames
804 1901 935 1962 vinctum
951 1902 987 1962 ad
1001 1920 1102 1980 regem
1118 1904 1233 1965 ducen-

160 1987 228 2048 dum
243 1985 331 2046 tradit
345 1984 516 2046 Mithridati.

125 2077 145 2136 5
244 2070 323 2131 Haec
337 2070 407 2131 dnm
422 2076 576 2148 geruntur,
591 2071 765 2130 Artaxerxes
780 2070 985 2154 reminiscens,
1001 2092 1017 2133 a
1032 2081 1144 2153 quanto
1158 2073 1238 2136 bello

159 2157 195 2218 ad
211 2174 299 2235 quam
313 2173 431 2235 parvam
447 2173 509 2216 rem
526 2154 692 2234 principem
708 2156 816 2216 ducum
831 2156 971 2234 misisset,
992 2176 1023 2219 se
1043 2158 1109 2238 ipse
1130 2176 1236 2241 repre-

223 2364 338 2428 pararet
355 2357 405 2410 wie
421 2358 474 2408 Att.
494 2359 519 2421 9,
538 2359 562 2409 2.
572 2373 683 2423 -quue
697 2372 765 2422 gaus
783 2357 833 2410 wie
849 2361 879 2408 iu
897 2357 994 2409 audem
1009 2363 1136 2424 gentibue
1153 2377 1192 2428 pr.
1208 2367 1235 2416 5.

227 2445 310 2495 supra
328 2425 479 2479 bezeichnet
496 2425 566 2478 nicht
583 2424 750 2493 nothwendig
768 2425 929 2479 einehdhere
945 2427 1013 2494 Lago
1031 2428 1117 2492 (beide
1134 2429 1235 2484 Linder

160 2503 280 2566 greuzten
298 2495 343 2547 aul
358 2495 402 2547 der
419 2493 491 2546 lldhe
509 2495 554 2546 des
573 2492 670 2546 'laurus
687 2509 720 2545 an
738 2493 881 2559 einander),
906 2494 1016 2548 sondern
1040 2498 1160 2564 ‘jenseit',
1184 2500 1237 2552 wie

158 2566 223 2619 auch
240 2580 316 2618 unser
333 2557 481 2616 ‘oberhalh’.

227 2637 251 2686 2.
269 2637 452 2699 portarentur.
480 2629 528 2682 Der
538 2630 690 2695 Conjunctiv
707 2629 799 2681 drdcht
813 2629 854 2681 die
862 2629 1039 2697 Bestimmung
1047 2646 1094 2685 aus
1112 2633 1236 2699 (sollte).

228 2705 251 2754 3.
269 2704 364 2766 paucis
382 2697 589 2750 substantivisch.
606 2726 640 2736 —
658 2698 731 2763 quod
748 2698 847 2748 accidit
863 2699 919 2766 gibt
936 2714 981 2764 an,
1006 2698 1064 2751 dass
1084 2699 1130 2754 der
1147 2702 1236 2770 Erfolg

159 2772 229 2823 scine
246 2769 368 2833 Meinung
384 2767 529 2832 bestdtigte.
564 2765 619 2816 Wir
636 2771 722 2817 setzen
742 2766 822 2817 ‘auch'
841 2766 925 2818 hinzu.

160 2905 211 2958 an
228 2833 498 2957 liliatamilbiiffl
516 2832 962 2954 ltlttlttttsslaltt-t-‘ll‘
976 2849 1058 2954 well
1071 2838 1106 2887 ⁰¹'
1124 2852 1150 2888 ¹¹·
1168 2853 1234 2890 Η·

471 2930 530 2954 .-
889 2919 897 2953 ι
1062 2943 1068 2956 .

182 3047 187 3058 ἢ
228 2919 457 3091 qpanffti'gehon
473 2986 505 3021 zu
523 2918 622 3035 magico
639 2970 665 3021 in
683 2969 728 3021 der
744 2919 954 3038 ursprnnchiieeia
964 2918 1125 3039 DideDtung
1143 2978 1236 3040 (quam

159 3060 223 3094 vas:
252 3057 300 3093 noc
334 3055 381 3092 so.

202 3046 251 3164 ³4.
271 3111 342 3173 Hoc,
363 3122 437 3160 nare.
473 3107 584 3169 Deferri
609 3105 676 3159 steht
700 3105 755 3158 hier
779 3107 846 3159 ohne
864 3106 913 3158 den
939 3111 1012 3159 sonst
1035 3107 1235 3174 gewdhnlichen

159 3176 397 3299 Nebsslngedanfhfin,
421 3176 479 3228 dass
503 3192 530 3228 es
554 3175 621 3227 ohne
638 3175 693 3226 sein
711 3174 812 3226 Zuthun
834 3174 973 3242 geschehn.
1007 3175 1162 3229 Uebersetze
1178 3179 1235 3245 ‘ge-

158 3251 218 3302 brac
239 3251 255 3299 t’
309 3249 350 3298 ed
370 3248 409 3296 rt'.

228 3262 347 3383 agiricus
371 3313 434 3363 iude
455 3313 519 3363 ‘von
543 3310 601 3362 dort
627 3310 762 3374 (Cilicien)
786 3313 964 3378 ausgezogen’.
1006 3311 1162 3365 Uebersctze
1178 3313 1236 3367 dies

159 3386 212 3437 und
230 3386 275 3437 das
293 3381 412 3450 lolgende
429 3380 541 3446 Particip
560 3379 597 3431 als
615 3380 728 3431 Verbum
746 3378 855 3431 linitum.

228 3471 270 3518 eo,
296 3468 346 3517 quo
370 3449 511 3501 studuerat
528 3448 578 3500 wie
596 3464 647 3514 quo
668 3449 793 3499 tendebat
809 3447 870 3501 mitt.
892 3452 915 3513 1,
933 3450 957 3500 6.
975 3475 1009 3485 -
1028 3447 1236 3502 adsenseum

161 3537 250 3571 eausa.
287 3521 383 3572 Constr.
403 3534 485 3568 causa
503 3516 633 3567 adventus
651 3521 716 3568 edus.

228 3588 273 3639 Die
290 3587 438 3639 Pisidier
455 3601 541 3637 waren
564 3585 604 3636 ein
629 3585 821 3651 hriegerisches,
847 3583 1039 3652 nnabh'aingiges
1056 3582 1126 3636 Volk
1143 3585 1169 3636 in
1188 3585 1236 3638 der

160 3658 232 3709 Nahe
250 3656 294 3707 des
312 3656 398 3721 Aspis,
417 3655 462 3706 das
480 3670 522 3706 nm
541 3654 602 3706 Sold
619 3653 713 3706 diente.
1101 3694 1110 3711 ,

228 3728 251 3776 5.
269 3723 477 3789 fereusParticip
488 3724 534 3775 des
552 3723 589 3775 als
598 3723 733 3791 Deponens
742 3720 917 3773 betraohteten
934 3720 1004 3782 farri
1019 3721 1112 3783 ‘eilen’‚
1130 3721 1235 3788 ‘jagen',

160 3795 209 3847 wie
228 3792 424 3843 circumvehens
441 3790 552 3842 Timoth.
571 3795 595 3856 2,
614 3796 636 3844 1.
654 3819 689 3829 -
707 3791 850 3842 deterrdtus
872 3790 940 3842 ‘liess
964 3789 1018 3841 sich
1041 3788 1233 3842 abschrecken’.

160 3891 193 3903 -
212 3860 373 3913 Mithridati.
408 3858 434 3910 S.
452 3875 484 3909 zu
503 3873 524 3909 c.
545 3862 584 3924 10,
605 3862 627 3911 l.
