2580 4372
472 170 740 254 imminua
758 176 782 227 1.
911 203 917 214 -
1103 171 1161 234 aas

89 341 156 403 eius
170 345 296 411 adventu
313 356 342 409 et
355 344 430 410 mari
446 352 476 406 et
494 353 573 408 terra
587 346 663 408 male
677 364 726 406 res
747 350 923 422 gererentur
938 345 1163 426 Carthaginien·
1268 412 1270 417 .

89 426 177 507 sium,
189 430 264 512 ipse,
276 432 327 495 ubi
337 433 430 506 alluit,
441 448 603 509 numquam
614 431 692 492 hosti
707 429 796 490 cessit
808 448 907 508 neque
922 430 1020 493 locum
1035 432 1164 495 nocendi

88 514 170 575 dedit
192 535 340 599 saepeque
362 517 550 580 econtrario
580 516 735 578 occasione
764 513 829 575 data
857 515 1003 576 lacessivit
1030 536 1163 598 semper-

89 618 150 678 que
165 604 303 682 superior
317 601 462 665 discessit.
492 601 558 672 Quo
580 601 667 676 sacto,
690 619 758 661 cum
779 617 874 680 paene
890 600 988 661 omnia
1009 602 1041 663 in
1064 603 1164 665 Sicilia

90 684 186 747 Poeni
207 688 384 766 amisissent,
406 688 455 748 ille
476 686 602 767 Erycem
624 686 667 746 sic
689 684 836 759 defendit,
859 691 893 744 ut
913 684 1025 747 bellum
1046 707 1081 748 eo
1096 688 1163 751 loco

93 778 210 849 gestum
236 792 298 835 non
326 773 485 835 videretur.
528 771 651 833 Interim
680 768 936 849 Carthaginienses
963 771 1056 832 classe
1084 773 1193 854 apud3

90 856 205 919 insulas
219 859 337 938 Aegatis
350 879 368 921 a
383 857 415 920 C.
430 857 565 938 Lutatio,
587 856 710 918 consule
731 855 943 930 Romanorum,
958 857 1089 936 superati
1104 866 1164 920 sta·

92 951 216 1005 tuerunt
236 944 307 1006 belli
334 944 430 1006 lacere
458 943 548 1003 finem
578 960 701 1021 eamque
728 959 790 1002 rem
814 940 935 1002 arbitrio
963 941 1166 1023 permiserunt

91 1025 274 1090 Hamilcaris.
307 1028 360 1090 llle
382 1027 437 1090 etsi
458 1027 597 1107 flagrabat
621 1026 751 1088 bellandi
777 1026 952 1105 cupiditate,
974 1035 1072 1089 mmen
1098 1027 1164 1111 paci
1236 1030 1239 1035 ’

90 1113 281 1175 serviundum
296 1113 417 1194 putavit,
433 1113 513 1192 quod
527 1112 661 1193 patriam,
678 1111 848 1173 exhaustam
859 1112 1037 1192 sumptibus,
1053 1112 1165 1174 diutius

91 1197 268 1261 calamitates
283 1199 354 1260 belli
367 1199 445 1260 lerra
460 1217 522 1259 non
538 1216 626 1277 posse
641 1196 839 1275 intellegebat,
862 1197 913 1258 sed
934 1198 989 1274 ita,
1012 1205 1046 1259 ut
1066 1199 1195 1260 statimt

89 1291 191 1344 mente
212 1284 344 1363 agitaret,
360 1285 385 1344 si
399 1283 521 1363 paulum
535 1283 623 1344 modo
639 1300 688 1344 res
703 1290 802 1344 essent
822 1283 968 1358 relectae,
990 1283 1101 1344 bellum
1115 1302 1164 1344 re-

91 1386 201 1429 novare
216 1369 425 1448 Romanosque
446 1368 535 1430 armis
556 1367 715 1447 persequi,
739 1367 878 1429 donicum
893 1375 944 1429 aut
956 1367 1063 1430 virtute
1078 1369 1164 1431 vicis·
1242 1374 1249 1391 “·

90 1461 160 1514 sent
173 1464 224 1514 aut
237 1454 305 1516 victi
319 1473 425 1516 manus
440 1454 599 1514 dedissent.
629 1452 694 1514 lloc
709 1452 833 1513 consilio
855 1471 959 1532 pacem
981 1453 1163 1530 conciliavit;
1179 1463 1194 1514 5

90 1536 123 1598 in
139 1557 199 1617 quo
215 1546 295 1601 tanta
310 1539 366 1601 fuit
380 1539 501 1615 ferocia,
524 1558 592 1600 cum
607 1537 727 1599 Catulus
742 1546 864 1617 negaret
884 1539 994 1600 bellum
1017 1539 1165 1619 composi·
1181 1580 1184 1584 -

88 1632 203 1699 turum,
218 1625 276 1686 nisi
291 1624 341 1686 ille
357 1644 425 1687 cum
440 1624 517 1698 suis,
540 1624 593 1702 qui
608 1623 731 1702 Erycem
753 1630 926 1699 tenuerant,
949 1625 1038 1685 armis
1053 1624 1165 1685 relictis

91 1707 191 1769 Sicilia
206 1709 392 1785 decederent,
407 1718 441 1771 ut
454 1708 668 1770 succumbente
682 1709 776 1788 patria
791 1707 855 1787 ipse
876 1708 1042 1788 periturum
1063 1729 1095 1770 se
1110 1727 1166 1789 po-

90 1793 152 1855 tius
167 1794 281 1877 dixerit,
297 1813 386 1874 quam
401 1813 470 1856 cum
485 1801 565 1855 tanto
580 1793 691 1872 flagitio
708 1793 829 1854 domum
844 1794 962 1856 rediret.
997 1793 1064 1854 Non
1085 1793 1166 1855 enim

91 1897 163 1940 suae
186 1899 250 1941 esse
270 1880 387 1942 virtutis
409 1899 489 1941 arma
510 1899 527 1941 a
548 1878 642 1958 patria
664 1885 783 1958 accepta
802 1878 943 1941 adversus
956 1879 1051 1941 hostis
1064 1880 1167 1941 adver·

87 1965 176 2025 sariis
190 1965 317 2026 tradere.
347 1964 444 2027 Huius
458 1965 637 2045 pertinaciae
652 1963 741 2025 cessit
756 1963 885 2025 Catulus.

161 2149 185 2198 2.
204 2149 261 2197 eius
279 2148 395 2199 adventu
412 2147 463 2199 ‘bei
480 2149 702 2201 seiaerAnkunlt'.
726 2150 760 2202 So
778 2149 843 2200 wird
861 2147 906 2200 der
919 2148 1023 2201 Ablativ
1040 2148 1167 2203 mebrerer

90 2215 257 2268 Substantive
275 2215 421 2281 gebraucht.
457 2216 551 2282 Zumpt
567 2217 583 2284 ξ
602 2221 651 2272 475
670 2218 753 2283 Anm„
770 2216 874 2284 Madvig
891 2216 908 2283 ᾗ
927 2219 977 2270 276
994 2218 1069 2270 Anm.
1088 2221 1113 2270 2.

159 2283 230 2333 male
246 2300 289 2334 ree
304 2290 465 2348 gererentur
484 2283 749 2350 Carthaginiensium
765 2285 815 2337 wie
834 2285 923 2337 Thera.
941 2288 966 2349 5,
987 2289 1008 2337 l.
1044 2285 1090 2338 Die
1107 2284 1165 2337 Car·

92 2350 184 2418 thager
200 2365 287 2403 waren
305 2351 402 2403 damals
420 2353 478 2417 (247
505 2368 530 2404 v.
555 2352 611 2418 Ch.)
634 2353 660 2403 in
684 2351 787 2405 Sicilien
814 2352 859 2404 aul
873 2351 975 2418 wenige
995 2353 1061 2404 leste
1079 2353 1167 2406 Platae

91 2418 255 2485 beschrankt
272 2419 454 2472 behemschten
477 2421 537 2472 aber
559 2421 604 2473 das
621 2420 698 2472 Meer.
732 2422 783 2473 llas
801 2420 913 2472 Ndobste
937 2420 972 2472 ist
996 2420 1166 2475 dbertrieben.

161 2490 209 2537 ulli
225 2487 557 2540 ‘wo’.-loaurnwiellat.
569 2493 666 2555 1‚1.-
678 2489 736 2549 Quo
754 2489 828 2551 facto
847 2489 897 2540 wia
914 2488 969 2554 lph.
991 2492 1013 2554 l,
1030 2494 1061 2542 4:
1080 2489 1167 2542 indem

92 2571 119 2608 er
133 2555 175 2607 nie
193 2553 249 2607 dem
265 2555 361 2608 Feinde
378 2556 512 2623 gewicben
529 2573 584 2609 war
601 2573 625 2610 u.
644 2573 665 2610 s.
683 2572 717 2610 w,

162 2626 186 2675 3.
204 2625 254 2678 242
271 2639 296 2675 v.
315 2623 359 2675 Ch.
377 2653 411 2663 -
430 2623 457 2676 C.
477 2624 593 2677 Lutatio.
629 2625 714 2677 Unten
731 2624 758 2691 (ᾗ
778 2627 803 2688 5)
826 2622 890 2676 wird
913 2623 1030 2676 derselbe
1055 2624 1166 2676 Catulus

77 2695 214 2759 ·genannt
249 2689 309 2742 Sein
336 2692 418 2744 voller
443 2692 523 2745 Nema
549 2709 604 2745 war
632 2692 658 2744 0.
687 2694 812 2745 Lutatius
839 2691 958 2744 Catulus.
999 2692 1045 2745 llie
1072 2693 1166 2746 Rdmer

91 2774 193 2812 nennen
212 2758 249 2811 olt
266 2758 408 2825 Perseum,
434 2760 474 2812 die
498 2761 579 2814 selbst
596 2761 708 2813 bekannt
726 2760 787 2813 oder
811 2775 857 2813 aus
880 2759 1027 2813 bekannten
1044 2761 1167 2814 Familien

92 2827 159 2892 sind,
175 2827 236 2878 bald
253 2828 300 2879 mit
316 2827 375 2879 dem
392 2829 474 2890 einen,
492 2829 552 2882 bald
569 2830 616 2881 mit
633 2829 691 2882 dem
710 2829 821 2882 anderen
846 2829 913 2881 ihrer
929 2828 1034 2882 Namen.
1053 2859 1087 2868 -
1101 2833 1169 2898 pare·

90 2899 194 2947 ceraue
209 2895 259 2946 ‘star
276 2894 325 2947 den
342 2895 449 2948 Frieden
467 2898 598 2951 arbeiten’.

163 2968 188 3016 4.
216 2970 302 3014 mente
330 2969 436 3030 agitare
463 2966 569 3030 aliquid
593 2965 636 3016 ‘im
655 2964 793 3017 Gadanlien
817 2964 864 3016 mit
888 2968 969 3017 etwas
987 2965 1118 3032 umgehn'.
1136 2993 1170 3008 -

92 3049 136 3084 ree
154 3037 239 3082 errent
256 3031 373 3094 refectae
389 3031 439 3084 ‘die
456 3033 630 3086 Verbdltnisse
648 3033 702 3085 sich
721 3033 852 3099 gebessert
869 3032 976 3084 hatten’.
995 3061 1029 3072 -
1039 3033 1166 3087 donicum

91 3099 282 3152 alterthdmlich
299 3099 340 3150 fur
358 3100 449 3153 donec.
889 3156 892 3161 ,

162 3170 268 3220 otrtute.
293 3166 358 3222 Dass
376 3168 416 3221 die
434 3169 527 3221 Rdmer
544 3184 577 3220 an
595 3167 743 3235 Tapterkeit
760 3167 899 3234 fiberlegcn
917 3166 996 3230 scien,
1014 3171 1112 3220 wusste
1131 3183 1166 3221 er.

91 3235 125 3287 Er
143 3236 247 3303 glaubte
266 3236 340 3302 aber,
362 3237 422 3290 dass
446 3237 487 3288 die
504 3235 756 3304 Cartbagerdessen
780 3235 935 3303 ungeachtet
953 3234 1053 3303 gesiegt
1070 3236 1167 3302 hatten,

91 3319 171 3357 werin
194 3304 231 3356 sie
253 3305 288 3355 im
312 3304 414 3373 Anlang
438 3305 483 3358 des
501 3304 590 3373 Kriegs
614 3305 702 3357 besser
724 3303 826 3372 geldhrt
849 3303 944 3356 waren.
980 3303 1078 3354 Munus
1100 3304 1168 3356 dare

91 3370 157 3425 ‘sich
173 3371 362 3424 unterwersen’‚

161 3443 186 3492 b.
204 3445 233 3491 in
251 3456 304 3507 quo
321 3440 468 3493 wieThem.
488 3444 511 3506 2,
530 3444 553 3495 3.
570 3469 605 3478 -
624 3446 699 3492 tanta
715 3440 819 3502 ferocia
839 3436 951 3501 l‘Trotz’)
970 3437 1027 3490 sind
1038 3439 1167 3493 Ablative.

91 3535 127 3547 —
145 3523 206 3559 aum
227 3523 253 3560 u.
277 3525 297 3561 s.
321 3523 354 3560 w.
389 3508 443 3561 Vor
465 3509 553 3562 diesen
571 3509 630 3562 Sata
658 3508 736 3561 nimm
762 3513 794 3558 ut
810 3505 902 3558 beraut
917 3505 947 3566 (s.
965 3522 997 3558 uu
1013 3505 1077 3559 Milt.
1096 3511 1121 3574 6,
1139 3510 1167 3577 3)

92 3575 146 3627 und
164 3578 273 3644 arganza
290 3582 404 3643 negaret
421 3577 469 3642 (se)
489 3577 585 3628 bellurn
605 3579 814 3643 compositurum
832 3576 917 3638 (esse).

163 3645 260 3695 bellum
278 3661 436 3712 componere
453 3645 503 3697 wie
520 3645 576 3697 Alc.
595 3647 620 3710 8,
636 3648 660 3698 3.
679 3673 713 3682 -—
733 3642 889 3695 decederent
897 3639 948 3694 wie
965 3648 1045 3693 erant
1061 3641 1185 3709 repant.

92 3711 172 3764 Phoc.
191 3715 216 3776 2,
234 3714 301 3764 2.-
312 3715 498 3765 succumbente
514 3715 606 3780 patria
625 3712 716 3780 gehbrt
732 3727 763 3762 aa
784 3711 893 3775 dicem,
912 3708 982 3762 nicht
999 3726 1058 3762 num
1075 3711 1168 3764 Accua.

93 3796 116 3833 c.
134 3779 191 3846 lat,
208 3780 240 3831 da
260 3795 287 3833 es
304 3780 331 3834 in
347 3781 445 3834 diesem
462 3781 532 3834 Falla
549 3784 636 3848 iprum
654 3783 718 3833 statt
734 3784 791 3847 ipse
808 3778 910 3832 heissen
928 3782 1032 3832 mdeste.
1051 3808 1085 3816 —
1101 3794 1168 3830 suae

93 3864 149 3900 erre
166 3851 274 3900 virtutis
292 3849 357 3902 nach
375 3850 424 3917 Ag.
442 3853 466 3915 5,
485 3852 509 3902 3.
