2580 4372
424 190 484 243 ur.
501 160 740 243 relumouoas
759 193 783 243 a.
1099 185 1137 246 91
1203 166 1210 177 '

65 364 161 425 rende
177 371 206 425 et
227 365 366 426 luctando
381 363 417 424 ad
432 383 500 424 eum
522 365 621 439 finem,
645 364 741 442 quoad
762 371 843 426 stans
866 362 1022 441 complecti
1042 374 1142 442 posset

65 456 156 528 atque
172 450 361 510 contendere.
398 449 433 509 ln
448 449 537 510 annuis
558 468 627 510 rero
649 449 811 528 plurimum
833 448 924 512 studii
939 449 1140 511 consumebat.

77 532 80 537 ’
154 534 197 595 td
220 535 298 595 hanc
321 534 455 614 corporis
477 536 645 596 firmitatem
666 534 752 613 plura
776 536 864 597 etiam
887 533 978 594 animi
1000 534 1077 595 bona
1093 536 1173 597 ac-3

66 626 230 680 cesserant.
273 620 344 680 Erat
366 619 445 680 euim
467 620 635 694 modestuS,
659 621 807 698 prudeus,
831 619 934 701 gravis,
957 618 1141 699 temporibus

65 705 218 783 sapienter
233 714 337 778 utens;
353 705 467 782 peritus
481 705 560 781 belli,
575 704 661 765 fortis
675 724 775 778 mauu,
791 706 890 766 auimo
910 704 1052 779 maxim03
1069 706 1141 766 adeo

65 789 197 851 veritatis
212 789 347 868 diligens,
363 799 396 850 ut
411 809 448 850 ne
464 790 530 850 ioco
546 791 665 871 quidem
675 790 860 852 mentiretur.
882 790 963 850 Idem
974 790 1142 855 continens.
1157 801 1172 850 2

67 874 201 936 clemens
215 876 391 954 patiensque
406 876 608 937 admirandum
624 876 655 936 in
671 876 803 952 modum,
826 895 887 936 non
909 876 1005 936 solum
1026 875 1141 955 populi,
1227 900 1231 905 ·

66 958 221 1021 sedetiam
237 962 399 1021 amicorum
413 961 514 1022 serens
533 961 657 1022 iniurias
663 979 671 1036 ;
695 961 726 1021 in
742 961 846 1040 primis
861 961 1016 1022 commissa
1032 961 1140 1036 celans,

67 1044 151 1123 quod
165 1045 313 1106 interdum
330 1064 391 1106 non
405 1047 505 1107 minus
521 1047 643 1125 prodest
657 1065 745 1124 quam
761 1046 868 1107 diserte
890 1046 1005 1119 dicere;
1029 1045 1142 1107 studio-

66 1148 121 1191 sus
135 1131 287 1192 audiendi:
314 1150 349 1191 ex
362 1131 420 1192 hoc
444 1131 522 1191 euim
538 1131 674 1192 facillime
696 1131 768 1193 disci
792 1131 995 1193 arbitrabatur.
1040 1131 1171 1208 ltaque3

68 1233 137 1276 cum
152 1215 184 1276 in
200 1216 346 1277 circulum
361 1217 499 1291 venisset,
516 1217 546 1276 iu
563 1235 623 1295 quo
638 1225 689 1277 aut
704 1217 740 1278 de
756 1235 787 1277 re
808 1217 926 1296 publica
941 1216 1142 1296 disputaretur

66 1310 120 1362 aut
134 1300 171 1361 de
186 1300 373 1384 philosophia
389 1319 486 1362 sermo
501 1302 669 1376 haberetur,
685 1321 846 1381 numquam
857 1302 926 1363 inde
936 1302 1019 1381 prius
1030 1302 1141 1362 disces·
1191 1352 1194 1357 .

66 1385 116 1464 sit,
143 1403 230 1465 quam
254 1387 289 1447 ad
312 1387 402 1456 lmeru
424 1405 521 1448 sermo
545 1395 623 1448 esset
644 1388 797 1449 adductus.
841 1386 1046 1466 Paupertatem
1069 1387 1172 1447 adeoe

64 1469 154 1532 facile
168 1489 328 1550 perpessus
345 1480 399 1547 est,
415 1479 448 1532 ut
463 1472 498 1532 de
514 1491 546 1532 re
561 1473 679 1552 publica
694 1473 767 1533 nihil
782 1480 900 1552 praeter
914 1472 1038 1551 gloriam
1053 1491 1141 1551 cope-

66 1555 117 1629 rit,
133 1556 295 1617 amicorum
311 1557 343 1616 in
359 1576 391 1617 se
406 1557 518 1617 tuendo
534 1559 663 1618 caruerit
683 1557 888 1632 facultatibus3
911 1557 989 1618 idem
1010 1559 1046 1618 ad
1068 1557 1140 1618 alios

67 1640 264 1703 sublevandos
286 1660 375 1721 saepe
391 1643 434 1702 sic
449 1661 522 1703 usus
538 1651 593 1716 est,
610 1649 643 1702 ut
657 1643 783 1704 iudicari
799 1643 895 1722 possit
910 1643 1008 1703 omnia
1024 1642 1051 1703 ei
1073 1659 1139 1702 cum

65 1725 170 1786 amicis
192 1727 285 1787 luisse
308 1727 485 1788 communia.
522 1727 595 1789 Nam
619 1746 686 1788 onnr
707 1736 757 1788 aut
773 1728 868 1788 cirum
890 1745 1013 1787 suorum
1034 1726 1170 1805 aliquis5

67 1809 104 1870 ab
119 1810 254 1873 hostibus
270 1820 348 1872 esset
368 1821 472 1891 captus
494 1823 545 1874 aut
559 1812 640 1890 virga
661 1813 747 1873 amici
770 1812 898 1888 nubilis,
922 1830 996 1891 quae
1018 1819 1142 1891 propter

66 1905 272 1976 paupertatem
287 1898 426 1958 collocari
442 1917 503 1959 nou
519 1907 630 1978 posset,
654 1898 815 1959 amicorum
837 1898 995 1958 consilium
1017 1896 1141 1958 habebat
1244 1916 1248 1921 ·

67 1988 107 2052 et,
121 1989 264 2060 quantum
281 1982 408 2062 quisquc
423 1983 513 2058 daret,
529 2002 583 2063 pro
599 1982 786 2044 facultatibus
801 1983 971 2062 imperabat.
1009 1982 1142 2061 Eamque
1156 1988 1171 2038 6

65 2083 212 2129 summam
228 2068 429 2144 confecerat,
446 2069 620 2148 priusquam
632 2069 776 2148 acciperet
792 2068 958 2148 pecuniam,
979 2067 1142 2129 adducebat

135 2289 159 2337 5.
179 2285 215 2335 ad
232 2301 291 2336 eum
308 2286 396 2348 finem,
415 2286 506 2352 quood
518 2288 558 2337 ‘zu
577 2286 634 2339 dem
653 2286 742 2346 Eude';
761 2287 870 2348 ‘soweit
889 2286 964 2338 dass'.
1001 2286 1049 2337 Der
1067 2287 1141 2349 conj,

64 2351 160 2403 mucul
178 2352 227 2404 deu
245 2353 338 2405 Zweck
356 2369 410 2406 aus.
434 2354 596 2406 Ausserdem
614 2354 712 2421 Ringeu
730 2355 765 2404 im
774 2354 853 2406 Stehu
872 2356 920 2421 gab
940 2370 967 2406 es
985 2353 1142 2405 einanderes

66 2420 102 2470 im
119 2419 221 2486 liegen.
240 2451 274 2460 —
292 2422 432 2488 complecti
445 2423 692 2489 atquecontendere
709 2423 806 2474 ‘seiueu
825 2422 924 2488 Geguer
941 2422 1070 2473 umlasseu
1089 2421 1140 2471 und

67 2487 122 2540 sich
141 2488 188 2538 mit
204 2489 257 2540 ihm
274 2492 393 2542 messeu'.
855 2512 859 2517 ·

136 2550 165 2609 3.
194 2560 216 2609 l.
243 2558 333 2623 plrtra,
359 2557 430 2610 nicht
456 2559 602 2624 courplnro.
633 2589 667 2596 —
695 2560 857 2624 temporibus
880 2557 930 2609 wie
946 2555 1003 2608 Alc.
1024 2561 1047 2621 1,
1065 2561 1088 2611 3.
1107 2585 1140 2594 -

66 2639 151 2674 manu
168 2624 218 2675 wie
235 2625 309 2677 Paus.
330 2629 354 2691 l,
371 2628 395 2678 2.

136 2694 159 2744 2.
179 2697 317 2744 continens
334 2694 397 2745 ‘roll
415 2693 711 2761 Selbstheherrschuug’3
734 2698 841 2760 pattena
858 2692 1001 2745 ‘duldsam’.
1018 2723 1051 2730 -
1070 2692 1144 2758 quod

66 2759 197 2811 -dicere
214 2761 285 2812 hatte
302 2778 359 2813 zum
377 2760 522 2828 Fulgendeu
541 2767 653 2829 gepasst.
688 2762 747 2814 Hier
764 2762 868 2814 haudelt
886 2778 913 2814 es
939 2760 993 2813 sich
1011 2760 1081 2813 nicht
1098 2776 1142 2812 um

67 2827 117 2880 den
135 2827 244 2890 Numen,
262 2831 373 2882 souderu
390 2846 433 2880 uru
452 2831 508 2881 ciue
527 2829 625 2882 Pllicht.
644 2860 677 2869 —
696 2848 730 2881 eae
749 2831 858 2883 bocwie
877 2847 911 2880 en
928 2846 980 2896 quo
998 2829 1054 2881 Alc.
1074 2833 1099 2894 l,
1118 2832 1141 2881 2.

137 2899 162 2950 3.
180 2900 293 2948 ornasset
310 2915 333 2948 u.
353 2899 369 2962 ,ὃ
389 2902 403 2950 5
423 2905 490 2948 esset
507 2899 556 2950 wie
575 2898 636 2950 Cim.
654 2903 680 2964 4,
699 2902 714 2951 2
733 2901 843 2951 videret.
866 2927 901 2938 -
924 2900 956 2948 de
980 2916 1010 2948 ro
1031 2899 1141 2964 publohu

65 2963 286 3085 Nirillrer3Polililr'.
322 2966 406 3018 Ueher
433 2967 617 3032 disputaretur
650 2983 675 3018 u.
703 2969 846 3018 dabuntur
877 2982 897 3017 s
924 2982 956 3017 zu
989 2967 1143 3017 crederetur

113 3037 131 3084 t.
169 3035 217 3097 ,2.

135 3104 160 3153 4.
180 3105 306 3165 caruerat,
325 3100 384 3151 weil
403 3115 430 3151 er
447 3101 484 3152 sie
502 3102 573 3152 nicht
598 3101 758 3167 gebrauoheu
777 3102 873 3154 wollte.
909 3101 1064 3159 Uehersetze
1082 3105 1142 3152 ‘rou

67 3167 119 3220 deu
135 3166 236 3220 blittelu
261 3169 343 3220 seiuer
367 3169 482 3220 Freuude
509 3186 540 3221 zu
565 3171 672 3221 saiuer
694 3170 835 3237 Erhaltung
856 3171 940 3222 nichts
962 3169 1091 3237 empfiug'.
1108 3197 1142 3208 —

66 3236 281 3304 ideam‘zugleiolr
301 3238 375 3288 aher'.
403 3237 516 3288 Dcrl'ou
534 3238 657 3304 liegtaul
671 3239 854 3290 seundolr'os.
872 3268 905 3277 -
923 3245 1048 3301 nearest,
1067 3237 1142 3288 uiiml.
1207 3279 1209 3283 ‚

67 3307 220 3356 amicornm
239 3304 425 3366 facultatibus,
443 3305 569 3358 ‘hedieute
588 3322 615 3357 er
632 3306 686 3358 sich
704 3307 787 3358 ihrer'.
1043 3341 1045 3344 <

137 3377 164 3426 5.
182 3388 292 3423 anorum
310 3373 360 3424 wie
377 3372 440 3424 Mitt.
462 3377 484 3436 1,
506 3377 526 3427 l.
545 3404 576 3412 -
595 3376 703 3425 arabilis.
727 3374 816 3427 llierzu
836 3375 869 3426 ist
879 3380 944 3424 osset
961 3374 995 3424 im
1005 3371 1143 3425 Gedaulren

66 3456 99 3492 zu
117 3439 301 3493 wiederholeu.
319 3471 353 3478 —
369 3448 458 3506 posset
474 3442 524 3494 wie
542 3443 728 3508 disputaretur
746 3445 761 3510 ξ
781 3447 804 3496 3.
828 3471 862 3481 -
883 3457 935 3508 pro
958 3441 1143 3506 famtltotibuc,

66 3508 146 3561 udml.
166 3511 302 3574 cuiusque,
319 3510 391 3560 ‘nach
410 3510 468 3561 dem
486 3511 648 3577 Vermdge'u’.

137 3580 162 3631 6.
181 3577 302 3643 Eamque
319 3593 456 3640 crematam,
474 3577 515 3629 die
533 3578 574 3630 die
591 3579 723 3630 einzelnen
742 3577 860 3642 Beitrdge
884 3576 1058 3630 ausinaclrten.
1093 3581 1143 3630 Fe-

67 3651 143 3696 cerat
160 3644 305 3697 ‘zuStaude
323 3645 461 3712 gebracht',
479 3647 655 3713 ‘anigehracht
670 3646 748 3698 hatte'
767 3645 846 3696 durch
855 3645 953 3712 Zusage
963 3645 1044 3712 darer,
1061 3645 1143 3700 denen

67 3728 96 3765 or
113 3713 156 3765 die
173 3712 291 3780 Zahluug
308 3729 472 3781 augescuneu
490 3714 568 3766 hatte

136 3785 296 3851 prinsquam
303 3785 482 3848 -pecnninm
500 3783 591 3850 gehdrt
607 3797 665 3835 zum
682 3781 817 3834 Nachsatz.
850 3780 924 3833 Diese
941 3782 1030 3834 Worte
1047 3782 1144 3848 asingen,
1248 3785 1249 3790 ’

68 3848 129 3903 dass
146 3849 187 3902 bei
207 3848 252 3902 der
269 3850 416 3917 Beratlmug
439 3849 490 3902 uud
516 3850 682 3918 Vertheiluug
705 3851 750 3902 der
773 3850 876 3902 Summe
892 3849 1080 3917 Epaminondas
1104 3848 1145 3900 die
