2580 4372
446 182 529 237 XXIII.
547 184 719 237 HANNIBAL.
738 189 763 237 9.
782 189 821 238 10.
1112 184 1175 244 145

98 378 167 422 cum
181 356 373 421 multitudine
386 357 620 418 adversariorum
632 358 679 418 sui
691 367 913 438 superarentur,
923 359 998 440 Ipse,
1010 376 1069 437 quo
1080 376 1176 421 coma

96 464 161 508 rena
177 443 277 525 gessit,
292 441 348 502 luit
362 441 509 521 superior.

184 528 331 590 Antiocho
345 527 457 606 lugeto,
472 544 588 602 verens,
604 545 643 588 ne
659 527 824 604 dederetur,
841 529 921 609 quod
935 529 1001 590 sine
1017 529 1107 591 dubio
1122 548 1171 591 ac·
1184 533 1204 594 9

97 616 228 688 uidisset,
244 614 270 674 si
284 613 332 673 sui
346 612 466 674 lenisset
479 618 664 692 potestatem,
680 612 796 676 Cretam
810 615 846 675 ad
861 614 1021 695 Gortynios
1034 615 1125 691 venit,
1140 622 1174 677 ut
1255 666 1261 676 .

97 701 150 775 ihi,
167 718 226 780 quo
241 718 273 760 se
288 698 446 772 conterret,
463 696 673 758 consideraret.
702 697 781 761 Vidit
794 707 893 761 autem
906 699 951 761 vir
965 700 1099 761 omnium
1115 700 1204 762 cal-2

98 785 261 846 lidissimus
275 800 384 862 magno
400 801 433 844 se
447 783 511 844 lore
526 782 671 861 periculo,
688 782 746 844 nisi
761 785 833 863 quid
848 785 1034 865 providisset,
1050 793 1174 865 propter

97 870 246 931 evanidam
263 867 459 930 Cretensium.
488 867 624 946 Magnam
639 867 718 929 enim
733 888 835 932 secum
849 871 1007 950 pecuniam
1028 871 1172 951 portabat,

98 956 136 1016 de
151 973 208 1034 qua
224 953 334 1016 sciebat
348 953 443 1014 exisse
458 953 574 1013 tamam.
603 953 706 1032 ltaque
727 955 806 1035 capit
825 956 883 1017 tale
905 956 1073 1017 eonsilium.
1104 956 1204 1016 Ama

96 1041 208 1119 phoras
224 1039 392 1118 complures
407 1037 536 1117 complet
549 1038 688 1117 plumbo,
710 1059 840 1102 summas
863 1041 961 1122 operit
981 1058 1053 1102 auro
1075 1048 1105 1102 et
1126 1059 1173 1101 ar-

97 1133 197 1204 gento.
227 1124 287 1185 llas
301 1123 509 1203 praesentibus
523 1123 711 1203 priucipibus
727 1126 851 1206 deponit
865 1126 896 1187 in
919 1126 1031 1207 templo
1052 1125 1173 1201 Dianae,

96 1211 240 1272 simulans
255 1229 288 1270 se
303 1227 372 1270 suas
386 1209 521 1269 fananas
536 1209 656 1270 illorum
671 1209 739 1271 fidei
762 1211 890 1272 erodere.
921 1210 974 1272 llis
990 1212 1022 1271 in
1039 1228 1172 1272 errorem

96 1296 229 1357 Inductis
243 1301 354 1356 statuas
367 1305 486 1368 aeneas,
503 1312 576 1373 quas
588 1312 693 1356 secum
707 1296 853 1375 portabat,
868 1297 950 1357 omni
972 1315 1025 1357 sua
1047 1296 1172 1377 pecunia

96 1381 228 1460 complet
249 1396 356 1459 easque
382 1379 412 1439 in
438 1379 597 1459 propatulo
623 1380 702 1440 domi
728 1380 827 1443 abicit.
868 1381 1003 1461 Gortynii
1029 1381 1204 1461 templumt

96 1482 288 1544 magnacum
305 1464 492 1540 custodiunt,
514 1482 577 1524 non
600 1473 659 1526 tam
675 1484 691 1525 a
708 1467 814 1527 ueteris
836 1484 926 1545 quarn
946 1467 981 1528 ab
997 1465 1171 1543 Hannibale,

183 1635 234 1696 Sic
249 1634 430 1696 conseruatis
445 1635 508 1695 anis
523 1634 614 1696 rebus
629 1634 764 1712 Poenus,
786 1636 881 1698 illusis
897 1635 1087 1698 Cretensibus
1108 1654 1172 1696 om·
1184 1635 1223 1698 10

94 1719 201 1794 nibus,
226 1721 262 1781 ad
284 1719 419 1780 PrusIam
444 1721 476 1779 in
501 1719 629 1781 Pontum
655 1721 798 1800 peruenit.
843 1722 930 1800 Apud
955 1739 1044 1801 quern
1068 1720 1173 1781 eodem

95 1805 195 1865 animo
210 1805 266 1865 luit
282 1823 350 1884 erga
365 1804 476 1866 ltaliam
492 1822 590 1883 neque
605 1805 683 1866 aliud
700 1806 859 1885 quicquam
881 1806 941 1885 egit
962 1824 1050 1885 quam
1070 1823 1172 1885 regem

95 1889 217 1951 amaru
236 1896 268 1950 et
288 1890 420 1951 exercuit
441 1890 580 1950 adversus
601 1890 761 1952 Romanos.
798 1892 894 1963 Quem
910 1910 979 1952 cum
993 1892 1104 1952 videret
1118 1891 1203 1950 do-2

94 1974 227 2037 mesticis
243 1974 351 2054 opibus
365 1975 465 2035 minus
480 1993 546 2036 esse
560 1975 725 2051 robustum,
741 1977 917 2038 conciliabat
937 1983 1052 2038 ceteros
1074 1993 1171 2054 reges,

95 2059 275 2138 adlungcbat
297 2059 451 2121 bellicosas
473 2060 618 2121 nationes.
658 2060 825 2124 Dissidebat
849 2062 885 2123 ab
908 2081 943 2123 eo
969 2061 1172 2140 Pergamenus

94 2161 148 2205 rex
162 2145 322 2221 Emucnes,
337 2144 479 2206 Romanis
494 2146 699 2221 amIcisaimus,
720 2146 892 2226 bellumque
913 2147 994 2208 inter
1013 2166 1064 2209 eos
1087 2165 1172 2226 gere-

163 2349 207 2397 soi
223 2345 274 2398 wie
289 2346 362 2399 Eum.
383 2349 424 2411 10,
441 2349 465 2399 3.

164 2429 221 2464 reat
236 2407 428 2481 gestitantem
456 2417 526 2465 war’.
560 2414 595 2465 lla
621 2428 648 2466 er
671 2415 742 2467 nieht
759 2414 881 2466 wibrend
899 2414 944 2466 des
962 2414 1082 2481 Karaples
1100 2413 1172 2466 Alles

93 2482 221 2603 tigernelssn
237 2482 344 2547 honnte,
361 2478 433 2534 hatte
450 2497 478 2534 er
496 2481 544 2534 den
564 2481 658 2534 andem
676 2483 765 2549 Fldgel
784 2484 867 2534 einum
883 2481 980 2534 andern
990 2481 1173 2535 Belehlshaber

91 2555 249 2603 duem

159 2566 192 2673 g9.
214 2621 235 2670 1.
254 2619 386 2668 Antiocho
404 2617 510 2682 fugato,
528 2617 570 2669 bei
588 2616 719 2684 Magnesia
737 2633 778 2669 am
795 2617 895 2684 Siplus
920 2618 947 2667 in
965 2618 1059 2681 halen,
1080 2618 1127 2669 190
1145 2632 1172 2667 a.

92 2687 140 2739 (lh.
176 2686 212 2737 lrn
229 2685 337 2737 Frieden
354 2685 425 2737 ward
442 2685 495 2736 ihm
513 2685 639 2752 auferlegt
662 2686 712 2737 den
729 2638 854 2738 Hannibal
878 2685 1055 2737 ausculiefern.
1072 2711 1108 2724 -
1129 2688 1174 2735 sui

91 2756 201 2818 fecisset
217 2759 376 2819 potestatem
392 2753 443 2804 ule
460 2753 509 2820 Ag.
527 2757 552 2818 3,
568 2756 592 2806 6.

164 2825 188 2875 2.
209 2816 313 2887 'magno
336 2822 458 2888 per-teulo
482 2821 533 2873 wie
555 2820 620 2873 Ilion
639 2824 663 2886 2,
690 2824 716 2873 4.
743 2850 777 2859 -
800 2822 945 2888 prouidere
972 2820 1078 2887 aliquid
1102 2818 1171 2872 ‘eine

92 2890 385 2956 Vorsichtsmaassregel
404 2887 509 2941 treflen'.
528 2917 561 2928 -
580 2889 612 2939 de
631 2904 685 2954 quo
702 2890 795 2956 gehbrt
811 2906 842 2941 zu
861 2895 948 2941 emicas
965 2891 1075 2952 somam.

163 2962 187 3012 3.
218 2972 343 3022 mmmm,
368 2957 447 3009 ndml.
474 2956 624 3024 amphoras:
657 2958 703 3008 ‘zu
729 2957 836 3008 oberst’.
866 2987 900 2997 -
926 2959 1096 3023 principibus
1122 2956 1173 3009 wie

90 3027 217 3079 raons
244 3029 270 3078 3.

162 3063 273 3145 allodum
290 3093 341 3145 und
361 3093 406 3144 das
424 3092 530 3144 naichste
548 3093 590 3142 heb
606 3090 756 3143 bezeichnet
773 3091 814 3143 die
832 3091 975 3160 Gortynios,
992 3105 1046 3142 uas
1063 3105 1110 3142 aas
1128 3089 1172 3141 der

91 3161 320 3229 voahergehenden
347 3161 511 3227 Erwihnung
537 3160 605 3211 ihrer
629 3159 812 3212 llouoratioren
839 3176 870 3212 zu
898 3160 1051 3212 entnehmen
1076 3159 1119 3209 ist.
1139 3186 1172 3195 —

90 3231 161 3294 fides
178 3230 228 3282 wie
247 3230 310 3282 (hm.
329 3232 354 3293 4,
373 3232 396 3282 3.
416 3258 448 3268 —
467 3231 496 3279 ia
515 3242 635 3280 errorem
652 3228 781 3279 inducere
797 3228 854 3280 ‘irre
877 3227 984 3280 Iuhreu'.
1008 3257 1042 3265 -
1066 3227 1173 3277 abicere

91 3298 260 3363 ίΙὶὶῐινιετῐεηζ
278 3297 316 3350 ala
334 3301 415 3349 etwas
433 3296 573 3360 Uaniitzes,

162 3369 186 3418 4.
206 3368 248 3417 bis
264 3365 315 3416 ule
334 3381 356 3416 c.
375 3369 400 3431 l,
418 3367 442 3418 2.
477 3365 523 3416 Bei
542 3363 717 3416 tollerot'und
742 3364 851 3415 duceret
872 3363 907 3416 lst
928 3362 975 3415 das
1000 3360 1091 3426 0bject
1113 3374 1171 3413 aus·

91 3433 222 3502 gdassen,
240 3433 346 3486 weilos
364 3447 429 3500 ganz
448 3433 482 3484 all
501 3432 585 3486 emein
602 3431 645 3497 ist,
663 3446 738 3484 weun
763 3431 830 3484 auch
847 3431 970 3484 annichst
995 3445 1027 3481 an
1049 3428 1090 3481 die
1117 3444 1172 3480 om·

89 3505 198 3570 phorce
216 3502 242 3567 (ᾖ
261 3504 288 3566 3)
306 3501 418 3567 pedacht
435 3448 508 3553 ward.
542 3501 579 3552 lm
596 3499 741 3553 Deutschen
760 3503 830 3553 setae
848 3501 944 3552 ‘etwas’
965 3498 1050 3549 hiazu.

165 3566 213 3626 10.
243 3573 265 3621 1.
292 3570 381 3620 illusis
409 3568 576 3620 Cretensibus
603 3571 733 3622 emathia.
768 3568 813 3620 llie
836 3567 926 3621 llreter
950 3567 1038 3634 gulten
1055 3565 1096 3618 hir
1112 3564 1172 3618 sehr

91 3638 190 3692 schlau.
210 3666 243 3679 -·
262 3638 394 3702 mam,
413 3637 497 3704 lldnig
513 3653 565 3706 von
583 3635 731 3704 Bithynico.
751 3664 783 3675 -
802 3652 870 3702 erga
887 3635 938 3689 wie
956 3635 1011 3687 nte.
1030 3639 1055 3697 4,
1073 3637 1098 3687 4.

163 3708 187 3758 2.
217 3707 368 3757 domesticis
396 3706 495 3772 aigne&
524 3733 557 3745 -
583 3705 731 3756 conditore
764 3705 880 3770 aliquam
908 3702 1102 3756 ‘Freundachalt
1125 3700 1174 3752 mit

91 3773 204 3827 Jemand
221 3774 326 3826 atilten‘.
347 3802 376 3892 —h
397 3776 431 3827 ab
450 3789 487 3838 eo,
505 3773 604 3825 Prusia.
632 3773 681 3825 Der
697 3771 775 3839 llrieg
792 3771 982 3825 desllumenes
1000 3771 1053 3823 und
1069 3768 1172 3822 Prusias

91 3843 150 3894 nllt
167 3857 211 3894 um
230 3845 279 3896 184
297 3858 322 3896 v.
341 3843 385 3894 G.

147 3942 263 3983 cornelius
276 3943 357 3994 nepos.
385 3944 404 3985 6.
418 3942 478 3982 Aah.
986 3925 1017 3974 10
