2580 4372
463 173 516 224 XV.
534 169 773 225 Epaminondas.
792 175 816 222 7.
1136 166 1175 228 95

105 363 194 407 suum
209 345 416 422 interfecisset,
432 364 468 406 ex
481 354 574 407 matre
589 345 699 406 liberos
714 361 898 424 procreasse:
915 343 984 405 huic
999 345 1030 406 in
1046 363 1172 424 respon·
1187 357 1202 408 3

104 431 202 494 dendo
217 430 447 510 Epaminondas,
464 449 532 491 eum
547 432 582 492 de
598 431 704 492 ceteris
718 439 895 509 perorasset,
906 438 1063 510 postquam
1074 431 1109 490 ad
1125 432 1175 493 illa

88 589 92 595 ¹
105 517 165 579 duo
176 516 337 596 opprobria
347 517 491 596 pervenit,
502 516 639 577 admirari
649 535 682 576 se
693 516 764 576 dixit
775 515 927 576 stultitiam
939 516 1066 577 rhetoris
1077 516 1176 592 Attici,

103 604 232 682 quinon
248 601 485 663 animadverterit
497 602 674 662 innocentes
688 600 754 662 illos
775 608 860 661 natos
875 601 970 674 domi,
992 603 1103 663 scelere
1126 603 1175 662 ad·

103 689 206 762 misso,
221 705 289 747 cum
304 688 396 766 patria
412 695 511 748 essent
523 687 647 766 expulsi,
659 695 796 766 receptos
808 705 872 748 esse
883 687 919 748 ah
932 685 1173 748 Atheniensibus.

103 773 162 835 Sed
174 772 300 834 maxime
322 774 386 834 eius
401 771 570 850 eloquentia
592 771 682 832 eluxit
697 772 828 850 Spartae,
851 771 938 849 legati
960 780 1028 834 ante
1043 789 1173 850 pugnam
1189 783 1206 835 4

103 857 297 921 Leuctricam.
343 857 408 929 Quo
431 876 499 918 oum
521 858 655 917 oninium
676 857 826 918 sociorum
848 858 1055 919 convenissent
1076 856 1173 935 legati,

104 962 202 1004 coram
216 942 457 1022 frequentissimo
472 943 653 1021 legationum
665 950 813 1003 conventu
824 943 867 1003 sic
877 943 1177 1005 Lacedaemoniorum

102 1029 289 1109 tyrannidem
304 1028 447 1106 coarguit,
463 1036 497 1089 ut
511 1047 572 1088 non
583 1028 683 1089 minus
697 1027 747 1088 illa
757 1028 891 1090 oratione
902 1047 975 1108 opes
991 1047 1093 1089 eorum
1105 1047 1177 1089 con·
1208 1096 1210 1101 ,

103 1114 231 1176 eusserit
245 1132 333 1192 quam
347 1113 502 1175 Leuctrica
516 1131 625 1192 pugna.
656 1113 733 1173 Tum
748 1113 827 1174 enim
842 1115 981 1192 perfecit,
1004 1114 1082 1192 quod
1104 1120 1174 1192 post

103 1199 250 1279 apparuit,
265 1207 299 1259 ut
313 1198 419 1260 auxilio
434 1198 658 1260 Lacedaemonii
673 1199 823 1259 sociorum
838 1199 1033 1278 privarentur.

188 1284 292 1346 Fuisse
306 1284 466 1363 patientem
482 1302 664 1362 suorumque
675 1284 799 1345 iniurias
811 1285 954 1346 serentem
964 1284 1081 1359 civium,
1098 1283 1177 1362 quod
1191 1292 1209 1352 7

102 1389 135 1432 se
150 1368 262 1449 patriae
277 1369 364 1430 irasci
379 1370 462 1430 netas
477 1388 542 1430 esse
557 1369 692 1443 duceret,
714 1370 787 1431 haec
808 1380 879 1432 sunt
893 1371 1069 1432 testimonia.
1100 1369 1174 1431 Cum

102 1473 170 1517 eum
191 1464 314 1534 propter
335 1454 472 1515 invidiam
495 1454 572 1515 cives
594 1455 640 1515 sui
663 1456 823 1533 praeficere
846 1456 986 1518 exercitui
1009 1455 1176 1516 noluissent

101 1540 222 1619 duxque
236 1547 316 1601 esset
329 1539 460 1601 delectus
474 1538 544 1600 belli
559 1539 730 1618 imperitus,
755 1540 840 1601 euius
856 1560 957 1602 errore
973 1560 1007 1601 eo
1024 1548 1101 1602 esset
1124 1540 1175 1602 de-

100 1625 188 1687 ducta
201 1624 251 1686 illa
265 1624 421 1687 multitudo
436 1625 572 1700 militum,
597 1633 629 1685 ut
642 1643 746 1686 omnes
761 1626 797 1686 de
812 1627 906 1688 salute
916 1626 1173 1705 pertimescerent,

100 1711 181 1791 quod
195 1710 331 1771 locorum
345 1710 489 1789 angustiis
505 1710 596 1771 clausi
611 1711 647 1771 ab
668 1711 804 1771 hostibus
821 1710 1041 1793 obsidebantur,
1058 1709 1173 1771 deside·

99 1797 160 1857 rari
176 1803 281 1875 coepta
295 1803 340 1857 est
353 1795 575 1875 Epaminondae
598 1794 758 1874 diligentia.
788 1795 859 1857 Erat
880 1796 959 1857 enim
981 1795 1021 1856 ibi
1037 1794 1167 1875 privatus

101 1898 227 1942 numero
250 1880 360 1942 militis.
404 1881 428 1941 h
451 1900 511 1961 quo
534 1899 602 1941 cum
623 1889 759 1960 peterent
781 1899 878 1960 opem,
901 1882 1011 1943 nullam
1040 1879 1204 1944 adhibuit2

100 1966 273 2029 memoriam
295 1966 490 2027 contumeliae
513 1974 542 2027 et
569 1967 730 2027 exereitum
753 1966 909 2031 obsidione
937 1967 1091 2028 liberatum
1121 1967 1174 2027 do-

100 2070 184 2113 mum
206 2051 322 2113 reduxit
336 2051 525 2113 ineolumem.
547 2050 608 2113 Nec
622 2071 692 2113 vero
707 2053 764 2113 hoc
780 2053 870 2113 semel
885 2053 963 2127 fecit,
980 2053 1031 2113 sed
1047 2052 1175 2130 saepius.
1189 2060 1206 2111 3

170 2256 194 2307 3.
213 2254 276 2304 huic
293 2251 373 2318 hangt
389 2267 440 2303 von
455 2252 527 2302 decit
544 2252 584 2305 ah.
609 2251 725 2304 Darnach
743 2253 819 2305 sollte
838 2269 865 2305 es
883 2252 1042 2306 untennieht
1060 2255 1176 2304 rhetoris

100 2322 196 2387 Attici,
213 2319 323 2373 sondern
341 2323 398 2371 eius
414 2319 529 2382 heissen;
555 2321 617 2372 aber
640 2321 686 2372 das
711 2323 773 2372 huic
790 2321 825 2372 ist
848 2321 904 2372 dort
927 2323 953 2373 in
978 2322 1175 2388 Vergessenheit

100 2389 232 2458 gerathen.
266 2388 313 2439 llit
330 2390 393 2439 huic
409 2388 517 2454 begiont
534 2388 578 2440 der
596 2388 730 2441 Naehsatz.
769 2390 868 2456 Wegen
885 2390 931 2441 der
948 2389 1032 2455 lange
1050 2388 1095 2440 des
1112 2389 1175 2441 Vor-

100 2458 231 2512 dersatzes
248 2456 313 2508 wird
331 2456 376 2509 des
393 2473 426 2508 zu
443 2456 545 2524 Ansang
562 2460 677 2523 gesetzte
700 2457 769 2507 idem
793 2457 847 2508 hier
871 2457 950 2509 durch
972 2457 1176 2524 Epaminondae

100 2526 198 2578 wieder
214 2526 417 2592 autgenommen.

171 2594 239 2659 duc,
265 2593 314 2646 den
340 2606 422 2660 gegen
446 2591 488 2644 die
504 2593 612 2659 Argiver
635 2591 687 2643 oud
705 2592 754 2644 den
781 2607 865 2659 gegen
889 2591 930 2645 die
949 2592 1090 2646 Thebaner.
1125 2594 1175 2648 Der

100 2661 184 2716 Sache
207 2661 272 2714 nach
298 2675 352 2713 war
377 2677 405 2713 es
432 2662 474 2712 ein
500 2660 625 2713 Vorwurf.
643 2691 678 2698 -
695 2663 787 2723 616166
812 2660 867 2713 hier
890 2662 1060 2729 verachtlich,
1086 2661 1177 2717 ‘Rede-

100 2731 221 2784 meister’.

170 2803 194 2852 4.
223 2798 308 2863 legati
333 2802 395 2848 ante
419 2812 539 2862 pugnem
560 2796 730 2849 Leuotncam
752 2798 799 2850 ‘als
821 2813 849 2850 er
871 2797 1011 2850 Gesandter
1035 2802 1107 2864 war',
1125 2803 1173 2852 371

101 2885 127 2920 r.
147 2868 191 2919 Gh.
217 2896 251 2905 -
274 2868 409 2916 sociorum
429 2863 505 2916 ‘ihrer
521 2864 769 2935 Bundesgenossen'.
803 2865 849 2918 Die
865 2865 1064 2920 Laeeddmonier
1085 2868 1174 2920 hatten

100 2934 323 3055 diedllegemonie.
358 2932 384 2985 S.
402 2949 432 2984 zu
451 2931 540 2985 Them.
559 2937 584 2996 6,
603 2937 626 2986 3.
644 2963 678 2971 ——
696 2938 822 3001 coarguit
846 2934 917 2987 ‘wies
941 2949 969 2986 er
991 2936 1073 3003 nach',
1097 2936 1174 3003 ‘legte

100 3019 129 3056 er
164 3006 208 3055 ar’.

171 3083 199 3143 7.
219 3091 241 3140 1.
261 3088 375 3138 duceret.
410 3086 459 3138 Der
476 3086 641 3151 Conjunetiv‚
666 3086 726 3138 weil
750 3087 804 3139 dies
828 3087 869 3137 ein
887 3086 1031 3140 Nebensatz
1050 3087 1095 3140 des
1111 3088 1173 3140 Aee.

99 3174 122 3210 e.
140 3156 198 3220 lut,
213 3155 287 3208 'l'heil
304 3157 373 3208 einer
390 3154 551 3222 abhdngigen
569 3154 685 3223 hussage
701 3156 743 3208 ist.
761 3185 796 3194 -
815 3154 880 3208 Cum
903 3171 963 3206 eum
985 3172 1010 3207 u.
1030 3171 1050 3207 s.
1069 3173 1102 3207 w.
1121 3159 1170 3209 368

99 3241 126 3279 v.
145 3225 191 3277 Gh.
211 3252 242 3262 -
262 3240 354 3275 errore
370 3222 510 3276 ‘Versehn'.

170 3309 200 3344 eo
219 3299 285 3343 esset
302 3292 415 3345 deducta
433 3292 600 3359 fihertragen:
617 3292 644 3343 13
661 3291 749 3344 solche
762 3292 854 3345 Gesahr
871 3291 992 3360 gebracht
1011 3306 1072 3344 war.
1099 3291 1176 3342 Esset

99 3361 151 3414 wie
168 3360 323 3412 crederetur
339 3359 404 3412 Mitt.
422 3363 447 3426 3,
464 3362 488 3412 2.

170 3429 291 3481 locorum
307 3428 357 3481 wie
374 3429 429 3480 nat.
448 3431 472 3493 8,
489 3432 514 3481 4.
533 3459 565 3466 -
584 3429 616 3478 61
635 3429 752 3479 hostibus
770 3429 860 3495 gehdrt
878 3443 909 3478 zu
929 3427 1175 3483 obsidebantur.-

101 3498 245 3564 diligentie
263 3497 312 3548 wie
330 3497 445 3562 diligens
463 3496 524 3549 (lon.
546 3500 569 3560 l,
587 3498 662 3548 1.-
682 3500 806 3562 pravatus
828 3495 879 3547 wie
903 3494 994 3547 Chahr.
1020 3499 1046 3561 4,
1072 3500 1099 3557 l;
1123 3513 1173 3548 nu-

100 3580 174 3618 mero
193 3567 287 3617 militis
303 3565 350 3617 ‘als
368 3565 474 3619 Soldat¹.

101 3700 121 3754 E
170 3637 193 3688 2.
212 3635 316 3686 nullam
334 3634 793 3700 661116113666661633(3661311616
811 3648 838 3685 er
855 3631 899 3684 der
916 3631 1175 3700 Erinnerungheinen

121 3703 228 3756 inflass’.

170 3774 194 3825 3.
216 3773 266 3822 doc
283 3771 345 3837 geht
362 3770 407 3822 auf
422 3769 471 3823 den
488 3769 591 3837 hnfang
608 3771 653 3823 des
671 3770 733 3838 llap.
752 3767 860 3821 zurdck:
879 3767 938 3821 dass
956 3783 982 3820 er
1000 3768 1045 3821 das
1054 3768 1173 3834 Ungliick

102 3839 185 3893 seioer
201 3839 341 3907 lllitbiirger
359 3837 479 3906 geduldig
497 3842 590 3906 ertrug.
