2580 4372
144 181 183 241 210
474 212 478 220 ·
573 183 764 237 PRAEFATIO.

144 358 206 420 eius
229 356 331 418 eodem
352 363 505 417 uterentur
526 357 670 417 instituto.
711 359 748 417 ht
768 356 798 416 id
815 358 934 436 quidem
950 357 1059 418 uostris
1076 355 1208 417 moribus

143 443 225 504 nefas
252 441 385 502 habetur.
437 440 528 502 Laudi
557 442 587 501 in
612 440 694 503 Creta
725 441 842 503 ducitur
869 442 1095 503 adulescentulis
1121 460 1208 519 quam

143 527 288 606 plurimos
308 514 445 587 habuisse
468 539 620 588 amatores
657 526 743 588 Nulla
757 527 969 588 Lacedaemoni
991 528 1075 587 vidua
1091 535 1149 586 tam
1165 533 1209 587 est

43 626 46 631 ·
112 611 265 686 saucilis,
289 629 363 689 quae
384 630 445 671 non
467 612 502 672 ad
524 630 625 672 cenam
641 620 687 671 eat
701 613 836 672 mercede
852 613 1005 673 conducta.
1049 611 1162 689 Magnis
1177 610 1207 670 in

142 697 278 758 laudibus
292 704 352 757 tota
366 696 428 756 lere
442 697 498 756 luit
510 696 630 759 Graecia
645 696 784 756 victorem
801 696 951 778 Olympiae
967 698 1064 771 citari;
1080 696 1111 758 rh
1126 714 1209 757 scae-

143 800 209 842 nam
230 800 298 841 vero
320 781 439 860 prodire
461 799 494 843 ac
517 782 629 861 populo
651 801 715 842 esse
737 783 904 861 spectaculo
927 782 1038 843 nemini
1053 781 1083 842 in
1100 781 1208 843 eisdem

144 867 281 945 gentibus
295 866 350 926 fuit
364 866 548 945 turpitudini.
586 867 666 937 Quae
682 867 778 927 omnia
794 866 872 946 apud
888 885 943 927 nos
958 866 1065 947 partim
1081 865 1208 938 inlamia,

113 955 128 1005 6
142 951 249 1030 partim
269 950 389 1011 hirmilia
405 959 492 1029 atque
507 951 541 1012 ab
556 953 711 1012 honestate
725 962 837 1012 remota
853 961 1016 1031 ponuntur.
1054 952 1160 1012 Contra
1176 969 1208 1011 ea

37 1088 40 1093 .
142 1037 283 1116 pleraque
297 1035 407 1096 nostris
421 1036 554 1097 moribus
569 1044 638 1097 sunt
653 1037 768 1111 decora,
784 1056 859 1116 quae
874 1037 952 1116 apud
967 1037 1033 1098 illos
1044 1036 1142 1115 turpia
1153 1054 1210 1115 pu-

16 1126 21 1145 ¹
65 1184 69 1192 ,
142 1129 252 1182 tantur.
289 1119 383 1191 Quem
405 1121 483 1182 enim
498 1120 699 1181 Romanorum
720 1121 810 1200 pudet
831 1141 952 1183 uxorem
967 1122 1075 1182 ducere
1090 1120 1121 1180 in
1137 1139 1209 1180 con·

141 1203 270 1266 rivium?
286 1213 335 1265 aut
347 1205 431 1267 cuius
444 1225 504 1266 non
515 1206 731 1267 materfamilias
742 1207 871 1285 primum
885 1208 983 1268 locum
999 1213 1080 1267 tenet
1094 1205 1209 1266 aedium

7 1344 10 1349 .
112 1297 126 1344 l
143 1298 229 1369 atque
251 1290 281 1350 in
305 1290 471 1351 celebritate
489 1288 645 1353 versatur?
679 1290 764 1362 Quod
779 1293 871 1352 multo
887 1294 918 1352 fit
932 1292 1017 1353 aliter
1032 1291 1061 1351 in
1078 1289 1207 1351 Graecia.

141 1374 213 1435 Nam
226 1393 332 1454 ,neque
352 1375 382 1434 in
406 1374 570 1436 convitium
592 1376 746 1437 adhibetur
761 1377 818 1436 nisi
835 1378 1089 1456 propinquorum,
1112 1393 1209 1454 neque

142 1461 223 1520 sedet
235 1460 292 1519 nisi
302 1459 332 1519 in
346 1460 486 1521 interiore
498 1469 580 1539 parte
592 1460 718 1535 aedium,
730 1480 805 1539 quae
816 1463 1017 1542 gynaeconitis
1029 1459 1208 1540 appellatur3

34 1592 37 1597 .
112 1562 126 1612 8
141 1563 200 1626 quo
214 1563 300 1605 nemo
312 1545 423 1605 accedit
434 1545 491 1606 nisi
502 1547 671 1625 propinqua
684 1547 858 1624 cognatione
874 1547 1062 1607 coniunctus.
1088 1545 1145 1606 Sed
1160 1544 1209 1604 hic

141 1629 226 1711 plura
254 1631 392 1708 persequi
421 1649 487 1691 cum
513 1630 684 1710 magnitudo
705 1630 862 1693 voluminis
883 1631 1020 1710 prohibet
1040 1638 1103 1691 tum
1125 1629 1209 1690 lesti-

141 1715 230 1790 natio‚
246 1722 280 1774 ut
289 1734 322 1775 ea
338 1715 494 1794 explicem,
512 1735 586 1795 quae
601 1735 724 1777 exorsus
740 1720 814 1776 sum.
859 1717 955 1787 Quare
970 1718 1006 1777 ad
1022 1714 1208 1799 propositum

140 1864 189 1916 den
212 1878 252 1914 am
275 1863 419 1929 hiufigsten
437 1871 560 1932 genennt,
583 1865 681 1917 welche
699 1865 776 1917 Vater
794 1865 845 1916 und
862 1865 967 1929 Mutter,
990 1865 1086 1929 seben,
1110 1863 1208 1916 welche

140 1933 181 1984 die
198 1931 307 1996 hlutter,
325 1931 386 1983 oder
403 1933 453 1984 wie
471 1933 537 1998 hier,
555 1933 653 1986 welche
670 1930 720 1985 den
737 1933 815 1985 Vater
833 1933 907 1986 allein
925 1934 1081 2000 gemeiusam
1098 1932 1189 1984 haben.
1215 1947 1222 1963 ·

208 1999 286 2062 nasae
307 2000 496 2053 ‘Verbrechen’:
525 2001 661 2068 eigentlich
684 1999 804 2069 Vergehn
827 2017 909 2072 gagen
931 2001 972 2054 die
995 2000 1136 2068 gbttlicheu
1160 2001 1208 2052 Ge-

139 2071 220 2132 setze,
239 2067 299 2118 aber
316 2083 392 2119 unser
408 2067 509 2121 ‘Siinde’
527 2069 561 2121 ist
577 2069 631 2120 hier
649 2085 681 2120 zu
698 2068 826 2120 schwach.

206 2138 235 2184 i'n
255 2134 339 2186 Orata.
381 2135 426 2189 ilie
444 2135 614 2188 llnabenliebe
632 2151 686 2187 war
703 2151 772 2187 zwar
788 2136 851 2188 iiber
868 2151 931 2202 ganz
950 2134 1131 2188 Griechenlaud
1149 2151 1207 2186 ver·

139 2203 231 2254 breitet
248 2203 367 2267 (Pausd,
379 2208 401 2256 1.
420 2204 552 2270 aleam,
570 2204 630 2256 aber
647 2205 672 2255 in
690 2203 765 2256 Krete
784 2220 837 2255 war
855 2205 892 2255 sie
909 2203 1058 2271 vorzdglich
1075 2219 1106 2255 zu
1124 2203 1207 2255 Lause

138 2269 191 2322 und
215 2269 314 2338 geehrt:
340 2287 367 2322 es
391 2271 444 2337 galt
465 2272 502 2324 als
526 2273 642 2326 Sehande
665 2273 706 2325 fiir
730 2271 770 2324 die
791 2271 895 2324 Kneben
916 2272 995 2331 heine
1012 2271 1152 2325 Liebhaber
1175 2287 1207 2322 zu

139 2339 233 2404 haben,
254 2339 305 2390 und
324 2339 365 2391 die
382 2339 481 2395 welche
498 2341 593 2410 gehabt
610 2342 710 2406 hatten,
735 2340 840 2395 wurdeu
858 2341 923 2393 noch
941 2341 978 2393 als
995 2340 1100 2393 Minner
1116 2340 1208 2394 beson-

139 2405 195 2461 ders
213 2408 416 2474 ausgezeichuet.
450 2408 534 2465 Daher
551 2411 681 2475 habeatne,
699 2408 769 2461 nicht
788 2410 891 2462 babere.

206 2475 407 2527 Lacedaemoni.
449 2476 499 2529 Der
520 2477 713 2544 urspringliche
729 2477 841 2541 Locativ,
866 2480 928 2529 statt
952 2476 1042 2528 dassen
1065 2490 1123 2526 man
1142 2474 1207 2526 oster

137 2542 201 2594 auch
220 2543 268 2595 den
286 2544 388 2595 Ablativ
407 2545 569 2610 gebrauchte.

136 2677 178 2730 hl
205 2626 273 2674 quaa
290 2628 343 2662 nan
362 2612 399 2662 ad
416 2628 507 2665 canam
525 2620 569 2669 eat
584 2613 704 2663 maceda
722 2611 860 2676 eonducta,
880 2627 923 2662 um
938 2611 979 2662 die
987 2610 1063 2663 Gdste
1072 2626 1102 2661 zu
1121 2613 1207 2661 unter-

155 2682 230 2731 aton.

205 2749 227 2797 5.
248 2745 394 2812 Olympiae,
412 2762 453 2797 wo
472 2746 522 2798 alIe
539 2747 593 2798 viee
609 2747 686 2800 Jahre
704 2746 896 2814 gymnastische
913 2745 998 2812 Spiele
1016 2761 1110 2799 waren.

205 2816 297 2878 citari,
319 2829 379 2864 vom
397 2813 488 2867 Herold
512 2815 669 2882 ‘ausgerufen
692 2831 723 2866 zu
747 2814 873 2878 werdeu',
895 2829 937 2867 um
961 2830 1012 2866 von
1035 2814 1086 2867 den
1102 2813 1205 2880 Kamps-

135 2880 243 2937 richteru
262 2879 310 2933 den
328 2879 494 2948 Siegeslirauz
512 2899 544 2933 zu
567 2884 727 2950 emplangen.
765 2882 828 2941 Base
848 2882 932 2950 Nepos
953 2882 1008 2935 hier
1026 2882 1140 2935 aweimal
1159 2881 1204 2933 das

31 2982 34 2986 Δ
134 2949 233 3002 Perlect
252 2948 403 3013 (fuit-suit)
423 2955 502 3010 setzt,
520 2951 640 3004 wiihrend
659 2967 686 3004 cr
703 2950 795 3003 uorber
811 2950 857 3003 das
871 2951 979 3005 Priscus
998 2949 1136 3017 aebraueht
1153 2949 1206 3013 hat,

134 3015 232 3068 kommt
250 3015 338 3081 daher,
357 3018 417 3069 weil
435 3034 462 3070 er
479 3019 533 3071 hier
550 3034 598 3070 nur
616 3035 647 3070 an
665 3018 706 3072 die
723 3019 778 3071 Zeit
796 3018 906 3084 gedacht
922 3019 979 3083 hat,
1002 3018 1043 3069 die
1061 3019 1116 3070 dies
1134 3017 1205 3071 buch

135 3085 257 3150 umlasst,
274 3086 314 3137 ftir
332 3085 429 3138 welche
447 3102 473 3139 er
491 3087 546 3140 sich
564 3087 639 3141 allein
658 3103 690 3139 zu
707 3087 886 3154 rechtleetigen
903 3087 981 3139 hatte.
1205 3136 1207 3140 ,

203 3157 232 3204 in
251 3153 347 3204 eisdam
363 3156 487 3218 gentibue
505 3155 569 3207 uach
590 3156 717 3222 Graecia,
741 3154 800 3206 weil
822 3169 881 3206 man
904 3155 951 3223 mit
968 3154 1026 3207 dem
1044 3153 1142 3207 Nomen
1160 3153 1204 3208 des

132 3220 231 3273 Laudes
250 3220 313 3272 auch
332 3221 401 3272 seiae
419 3221 653 3279 Einwohaerscbalt
670 3223 827 3277 bezeichnen

198 3292 339 3355 ponuntur
365 3295 436 3354 passt
457 3290 594 3357 eigeutlicb
619 3308 666 3344 nur
683 3308 713 3344 au
733 3293 765 3343 ab
789 3293 924 3343 honestate
941 3295 1044 3343 remota
1061 3291 1205 3357 (Zeugma).

132 3357 284 3409 Uebersetze
300 3355 412 3413 ‘werden
431 3358 576 3425 angesehn'.
866 3401 868 3407 .

202 3428 226 3476 6.
246 3423 345 3475 Contra
372 3442 415 3489 aa,
441 3425 528 3493 uauflg
551 3427 592 3481 bei
616 3427 701 3493 Nepos
725 3431 788 3478 statt
810 3425 855 3478 das
877 3425 1071 3492 gewdhnlichen
1100 3430 1204 3476 eontra.

132 3492 262 3556 Pleraque
279 3492 328 3545 wie
346 3493 361 3556 ξ
381 3496 403 3547 l.

200 3562 317 3625 primane
336 3560 423 3613 locam
440 3566 510 3615 tanet
528 3560 634 3615 aedium
652 3562 783 3615 ‘hewohnt
799 3559 1014 3629 deullauptraum
1032 3559 1204 3626 declinantes,

133 3627 178 3679 das
197 3627 301 3681 Atrium.
342 3627 429 3682 llieses
446 3629 490 3696 lag
507 3630 591 3696 gleich
608 3630 691 3682 hiuter
710 3629 767 3683 dem
783 3628 842 3681 Flur
860 3627 1041 3694 (vestibulum).
1083 3629 1115 3682 In
1133 3629 1204 3681 cale-

132 3699 230 3746 oritate
248 3700 370 3746 vacatur
387 3696 498 3764 ‘bewegt
515 3697 569 3751 sich
587 3703 660 3751 unter
678 3697 727 3751 den
744 3697 899 3755 Meneclnn’.
1125 3712 1128 3719 ·

201 3767 224 3814 l.
241 3767 430 3830 gynaeconitis
440 3767 902 3835 (yavacuaataactFrauengemach.-
911 3767 984 3819 sedat
992 3763 1204 3819 ‘batihronSita’.
1248 3809 1253 3817 .

201 3834 224 3882 8.
241 3835 365 3897 persequi
382 3831 526 3900 ‘darlegen'.
545 3864 579 3872 -
596 3834 679 3887 Ueber
695 3835 851 3899 magnitudo
869 3834 1012 3887 uoluminis
1029 3848 1050 3885 s.
1068 3832 1092 3886 d.
1111 3833 1175 3887 Einl.
