2580 4372
135 192 196 254 130
528 194 583 247 XX.
600 193 774 248 TlldOLEON.
792 199 818 249 4,

97 379 114 431 3
137 370 292 444 duxerant,
307 366 466 428 videretur.
490 367 595 427 Arcem
608 367 770 446 Syracusis,
784 384 872 444 quam
891 367 1037 428 munierat
1048 367 1212 447 Dionysius

132 456 168 518 ad
183 454 289 515 urbem
305 451 505 526 obsidendam,
522 469 538 511 a
552 451 752 512 fundamentis
775 451 890 512 disiecit
896 471 904 527 ;
927 461 1023 514 cetera
1043 453 1212 535 tyrannidis

133 537 357 622 propugnacula
372 535 530 599 demolitus
545 543 590 597 est
612 535 749 614 deditque
771 554 908 616 operam,
932 547 965 598 ut
980 557 1068 617 quam
1083 537 1209 601 minime

103 632 120 685 4
133 624 226 687 multa
239 623 361 702 vestigia
376 621 524 683 servitutis
539 629 702 683 manerent.
735 620 808 684 Cum
822 622 913 684 tantis
928 632 1006 684 esset
1028 624 1154 703 opibus,
1176 633 1212 686 ut

134 710 221 772 etiam
247 708 345 769 invitis
370 709 517 786 imperare
538 715 656 786 posset,
678 715 794 768 tantum
814 716 912 769 autem
934 727 1065 770 amorem
1090 709 1213 772 baberet

134 796 268 856 omnium
284 792 462 867 Siculorum,
478 799 512 852 ut
526 791 609 852 nullo
625 799 780 852 recusante
796 811 922 871 regnum
938 794 1083 869 obtinere,
1105 795 1213 857 maluit

134 900 166 943 se
182 879 263 957 diligi
285 896 374 957 quam
395 875 496 938 metui.
532 876 652 954 ltaque,
676 895 742 938 cum
764 878 895 956 primum
914 879 1029 959 potuit,
1051 879 1214 959 imperium

135 964 272 1044 deposuit
286 983 320 1025 ao
334 962 464 1042 privatus
480 961 649 1041 Syracusis,
672 962 752 1041 quod
772 963 922 1042 reliquum
943 963 1019 1025 vitae
1039 965 1106 1040 luit,
1131 965 1212 1028 vixit.

104 1049 237 1129 tNeque
251 1067 321 1110 vero
342 1048 373 1109 id
387 1046 523 1127 imperite
545 1047 624 1107 fecit.
661 1047 734 1107 Nam
759 1049 838 1126 quod
863 1050 953 1110 ceteri
976 1068 1061 1128 reges
1083 1050 1212 1130 imperio

133 1142 315 1217 potuerunt,
337 1133 385 1194 hio
406 1131 610 1194 benevolentia
632 1132 736 1194 tenuit.
775 1132 881 1194 Nullus
904 1134 1000 1195 honos
1021 1135 1092 1196 huic
1108 1135 1211 1218 deluit,

134 1239 232 1300 neque
247 1227 349 1299 postea
365 1237 413 1280 res
428 1218 487 1279 ulla
499 1217 653 1297 Syracusis
664 1225 746 1295 gesta
762 1225 806 1279 est
820 1218 948 1298 publice,
960 1220 995 1281 de
1008 1239 1066 1299 qua
1077 1220 1162 1299 prius
1174 1220 1214 1281 sit

104 1310 120 1362 6
134 1306 287 1366 decretum
303 1323 391 1383 quam
405 1303 600 1364 Timoleontis
615 1303 762 1364 sententia
778 1305 905 1382 cognita.
927 1304 1052 1366 Nullius
1069 1324 1212 1386 umquam

134 1391 292 1453 consilium
307 1408 370 1450 non
385 1388 472 1449 modo
488 1389 657 1463 antelatum,
674 1390 725 1449 sed
742 1407 780 1449 ne
796 1396 998 1468 comparatum
1013 1390 1133 1469 quidem
1148 1400 1211 1467 est;

134 1494 233 1555 neque
247 1475 277 1535 id
291 1474 384 1552 magis
398 1473 603 1535 benevolentia
616 1473 727 1533 lactum
742 1481 787 1534 est
802 1493 890 1553 quam
900 1475 1071 1554 prudentia.

101 1567 122 1629 4
220 1558 275 1620 llio
290 1578 357 1620 cum
373 1566 466 1620 aetate
480 1557 537 1619 iam
549 1569 707 1637 provectus
719 1566 805 1634 esset,
821 1560 885 1620 siue
901 1560 962 1620 ullo
977 1560 1083 1622 morbo
1097 1561 1213 1625 lumina

135 1645 290 1707 oculorum
305 1644 411 1706 amisit.
434 1644 527 1715 Quam
543 1643 735 1705 calamitatem
750 1644 790 1704 ita
804 1645 954 1707 moderate
970 1645 1046 1721 tulit,
1062 1654 1096 1707 ut
1110 1666 1213 1728 neque

135 1750 204 1793 eum
219 1738 394 1810 querentem
409 1730 565 1809 quisquam
581 1728 716 1806 audierit,
732 1747 829 1808 neque
845 1749 880 1790 eo
896 1732 995 1792 minus
1010 1730 1131 1810 privatis
1153 1751 1213 1812 pu·

6 1868 10 1875 .
103 1816 278 1896 tblicisque
293 1814 384 1877 rebus
398 1813 574 1876 interfuerit.
597 1814 740 1875 Veniebat
754 1823 853 1875 autem
865 1814 896 1875 in
912 1816 1070 1892 theatrum,
1087 1835 1156 1878 cum
1171 1817 1214 1879 ibi

134 1901 295 1963 concilium
309 1900 414 1980 populi
426 1899 593 1974 baberetur,
609 1907 733 1979 propter
742 1899 940 1962 valetudinem
954 1908 1055 1962 vectus
1070 1902 1214 1965 iumentis

136 1987 257 2060 iunctis,
271 1993 359 2065 atque
381 1985 422 2046 ita
437 1986 473 2046 de
493 1983 640 2060 vehiculo,
663 2003 737 2064 quae
752 1984 936 2062 videbantur,
953 1986 1076 2048 dicebat.
1106 1987 1213 2067 Neque

136 2071 194 2132 hoc
209 2071 252 2131 illi
267 2070 425 2149 quisquam
440 2069 589 2130 tribuebat
603 2070 768 2148 superbiae.
798 2069 878 2130 Nihil
901 2071 980 2132 enim
1001 2090 1143 2151 umquam
1158 2093 1213 2134 ne·

105 2162 195 2235 3que
216 2156 349 2216 insolens
371 2173 468 2233 neque
492 2154 655 2231 gloriosum
678 2174 713 2216 en
728 2174 780 2215 ore
803 2154 867 2215 eius
890 2156 969 2217 exiit.
1007 2157 1064 2228 Qui
1080 2158 1213 2236 quidem,

135 2259 205 2302 cum
220 2259 289 2301 suas
301 2235 404 2301 laudes
419 2239 534 2301 audiret
548 2239 726 2318 praedicari,
749 2258 912 2319 numquam
935 2241 1014 2302 aliud
1030 2241 1101 2303 dixit
1123 2261 1213 2322 quam

137 2343 170 2387 se
185 2326 217 2387 in
233 2345 267 2387 ea
284 2345 315 2386 re
329 2325 454 2387 manime
470 2325 526 2386 diis
549 2343 635 2403 agere
659 2325 766 2403 gratias
787 2332 876 2404 atque
900 2326 1018 2403 babere,
1035 2326 1127 2406 quod,
1143 2346 1214 2389 cum

204 2496 228 2546 3.
246 2493 342 2543 Arcem
351 2493 502 2560 Syracusis,
520 2491 570 2543 wie
587 2490 635 2542 wir
653 2490 781 2557 ‘dieBurg
798 2491 965 2558 zuSyracus’.
990 2491 1025 2543 lm
1033 2492 1214 2547 Lateinischen
1272 2540 1275 2549 .

134 2560 200 2611 wind
217 2560 259 2613 ein
276 2561 376 2614 solcher
392 2560 496 2612 Ablativ
514 2559 559 2611 des
577 2557 635 2611 0rts
652 2560 734 2611 selten
751 2575 784 2611 zu
794 2558 975 2612 Substantiven
994 2565 1103 2627 gesetzt,
1113 2563 1213 2616 welche

134 2628 207 2680 nicht
222 2627 478 2682 Verbalsubstantive
496 2626 560 2679 sind.
584 2625 688 2694 Madvig
706 2629 781 2692 §278
791 2628 816 2679 b.
834 2656 868 2665 —
885 2629 1043 2694 Dionysius,
1061 2628 1107 2682 der
1125 2631 1215 2683 dltere.

134 2725 169 2736 -
187 2698 306 2748 obsidere
323 2698 373 2748 wie
390 2696 443 2749 Pel.
464 2699 487 2761 1,
504 2698 528 2748 3.
546 2696 807 2761 -propugnacula
825 2696 942 2748 ‘Festen’.

203 2768 228 2816 4.
246 2768 326 2815 inviti
342 2765 400 2826 ‘die,
418 2764 516 2816 welche
534 2778 561 2815 es
579 2761 649 2814 nicht
667 2763 772 2830 gewollt
788 2762 895 2829 hatten',
912 2765 1004 2831 ‘gegen
1021 2761 1099 2816 deren'
1116 2765 1214 2819 Willen

134 2847 163 2883 es
180 2847 458 2952 gqqteiqepreuarlqifflu
475 2900 509 2951 ist
526 2913 572 2950 aus
589 2901 725 2963 imperare
740 2906 830 2964 posset
846 2900 892 2951 das
916 2899 994 2950 letzte
1012 2900 1087 2951 Wort
1105 2900 1215 2953 wieder-

135 2968 191 3020 holt
208 2982 241 3019 zu
259 2967 367 3087 diculneo.
385 2998 420 3006 -
438 2970 580 3034 importum
602 2967 765 3034 ‘Belugniss’.
789 2996 824 3005 —
846 2972 925 3033 uitae,
944 2967 1060 3032 Genitiv,
1082 2968 1215 3037 abhangig

134 3051 187 3089 von
222 3052 285 3088 uo.

204 3053 228 3156 g.
256 3119 333 3170 reges
359 3104 405 3156 ‘als
431 3103 552 3171 lldnige';
580 3106 723 3168 impensem
744 3102 874 3164 ‘Gewalt'3
902 3109 990 3153 tenere
1011 3102 1154 3155 ‘besitzen’.
1180 3133 1217 3143 —

136 3177 267 3224 cententio
285 3175 403 3237 cognita,
420 3172 533 3223 Ablativi
550 3171 669 3223 absoluti.
706 3171 870 3236 Cognoscere
886 3169 1030 3224 ‘einholen'.

171 3268 174 3274 ·
204 3245 228 3296 6.
247 3240 437 3305 benevolentia,
455 3239 500 3291 das
518 3239 699 3305 Wohlwollen,
717 3239 762 3292 das
780 3238 866 3297 er'2bei
883 3238 985 3290 dudem
1003 3239 1107 3302 baseos,
1134 3240 1216 3293 ‘selue

135 3308 307 3361 Beliebtheit’.
345 3308 447 3359 Ebenso
474 3308 508 3359 ist
532 3308 679 3374 prudentia
706 3308 748 3378 die
771 3307 816 3361 doe
843 3306 983 3359 Timoleon.
1023 3306 1068 3358 Die
1091 3307 1216 3360 Ablative

136 3378 193 3429 sind
217 3376 396 3444 gewdbrdiebe
418 3376 531 3446 Ablatiui
557 3376 727 3438 instrumenti,
745 3376 777 3428 da
803 3377 965 3439 factumest
991 3375 1025 3426 ist
1042 3374 1141 3427 ‘wurde
1168 3376 1215 3429 be·

136 3445 230 3497 wirkt'.

205 3528 233 3584 4.
260 3532 284 3581 2.
314 3530 455 3579 theatrum.
489 3529 536 3582 Die
558 3529 680 3581 Griechen
705 3528 802 3581 hielten
828 3528 882 3579 ihre
907 3525 1216 3595 Volksversammlungen

136 3596 225 3665 hdnfig
253 3597 280 3649 in
309 3595 359 3649 den
384 3595 520 3650 Theatern.
543 3627 578 3636 -
602 3600 745 3648 baberetur
767 3595 820 3648 und
841 3598 858 3661 ᾗ
882 3595 1025 3650 sanciret
1041 3594 1092 3647 wie
1109 3594 1218 3649 videret

137 3666 201 3719 Gim.
219 3669 244 3728 4,
262 3668 287 3717 2.
304 3693 338 3702 -
365 3665 543 3717 ualetudinem
560 3665 681 3730 ‘Leiden’,
708 3665 773 3717 eben
800 3663 841 3716 die
867 3663 1003 3717 Blindheit.
1029 3692 1063 3701 —
1085 3665 1216 3715 iumentr's

139 3738 239 3785 iunctm
256 3733 316 3800 (εἰς.
335 3735 553 3800 ‘angespannlenl
571 3736 630 3786 ‘von
649 3734 733 3785 einem
751 3733 868 3800 Gespann
886 3732 1040 3799 antbiere’.

206 3805 230 3855 3.
258 3801 313 3866 Qui
334 3802 440 3866 quidem
462 3803 512 3854 wie
535 3802 599 3854 llion
623 3805 648 3866 2,
670 3803 694 3853 2.
719 3831 748 3840 —
771 3800 929 3869 praedicari
945 3801 995 3852 wie
1012 3799 1068 3851 Alc.
1087 3801 1112 3862 4,
1131 3802 1155 3853 6.
1179 3829 1217 3841 -

137 3874 166 3922 iu
184 3887 215 3922 ea
232 3887 263 3922 re
279 3868 367 3921 ‘delur'
386 3869 437 3920 wie
454 3875 483 3921 iu
501 3886 531 3921 eo
550 3870 625 3922 Paus.
645 3872 668 3933 1,
687 3873 711 3923 3.
