2580 4372
124 161 184 221 114
508 160 595 216 Xl'lll.
613 161 774 217 mmmm.
792 168 818 217 5.

123 338 281 417 animoque
295 336 388 415 magis
405 336 491 397 etiam
506 354 656 415 pugnasse
678 356 766 416 quana
788 354 925 417 corpore,
948 354 1011 399 non
1034 339 1129 418 prius
1150 338 1213 401 dis-

122 424 207 485 tracti
228 433 309 493 sunt,
331 441 420 501 quani
442 422 567 483 alterum
588 422 685 482 anima
706 422 899 501 relinqueret.
943 421 988 483 Ab
1010 423 1072 484 boc
1094 424 1213 505 aliquot

121 508 217 589 plagis
231 509 380 569 Eumenes
393 507 575 583 vulneratur,
599 525 696 586 neque
718 526 754 568 eo
777 504 920 586 magis'ex
933 508 1053 587 proelio
1069 511 1212 585 excessit,

92 595 175 656 ased
196 595 294 655 acrius
315 594 411 655 bostis
431 593 549 654 institit.
583 591 639 653 llic
667 592 818 672 equitibus
839 593 1022 672 profligatis,
1046 595 1211 657 interfecto

123 680 198 741 duce
214 679 344 753 Cratero,
360 678 461 740 multis
476 687 628 757 pmeteree
644 686 672 738 et
686 678 812 739 maxime
828 678 979 741 nobilibus
993 680 1093 759 captis
1116 682 1209 760 pede·

123 774 185 827 ster
199 765 356 833 exereitus,
379 765 460 843 quod
475 764 507 823 in
522 782 556 824 ea
570 763 634 823 loca
650 774 712 824 erat
726 764 887 838 deductus,
909 773 943 825 ut
957 764 1054 826 invito
1069 766 1210 829 Eumene

123 850 199 912 elabi
215 870 276 911 non
292 861 403 928 posset,
419 867 521 929 pacem
537 847 623 909 abeo
639 849 725 928 petit.
756 848 850 920 Quam
865 868 933 910 cum
954 849 1162 930 impetrasset,
1176 853 1208 913 in

123 937 180 997 lide
197 955 257 997 nou
281 936 389 996 mansit
411 944 439 995 et
461 953 504 997 se.
527 934 649 995 simulac
671 935 785 1012 potuit,
808 935 843 995 ad
864 935 1058 1014 Antipatrum
1079 939 1208 1017 recepit.

91 1033 108 1085 t
122 1022 272 1083 Eumenes
288 1021 440 1083 Craterum
455 1039 490 1081 ex
505 1019 567 1080 acie
591 1018 761 1081 semivivum
783 1019 892 1081 elatum
912 1039 1053 1083 recreare
1073 1023 1207 1098 studuit3

123 1126 192 1169 cum
208 1107 237 1167 id
253 1125 314 1168 non
329 1117 441 1186 posset,
465 1123 520 1185 pro
542 1104 671 1166 hominis
694 1105 836 1182 dignitate
855 1123 971 1184 proque
986 1106 1120 1186 pristina
1134 1109 1208 1169 ami·

123 1193 191 1255 citia
212 1198 353 1272 (nanque
376 1192 426 1253 illo
449 1210 522 1252 usus
537 1200 599 1252 erat
619 1190 785 1252 Alexandro
798 1190 863 1250 uiuo
884 1189 1084 1276 familiariter)
1107 1193 1205 1273 amplo

124 1280 229 1339 tumre
258 1278 360 1339 extulit
389 1296 516 1356 ossaque
545 1276 576 1336 in
604 1275 805 1336 Macedoniam
834 1277 920 1336 uxori
949 1276 1016 1338 eius
1045 1297 1082 1339 ac
1103 1277 1204 1340 liberis

122 1362 245 1425 remisit.

90 1452 110 1513 b
210 1448 289 1509 llaec
312 1446 382 1507 drrm
404 1447 482 1525 apud
505 1444 730 1524 Hellespontum
755 1453 916 1524 geruntur,
939 1445 1100 1509 Perdiccas
1128 1448 1207 1528 apud

124 1534 223 1595 Nilum
235 1534 345 1593 lluuum
358 1531 559 1592 interlicitura
572 1530 697 1591 Seleuco
713 1541 743 1591 et
752 1531 898 1610 Antigene
912 1549 1078 1611 rerumque
1088 1551 1206 1595 summa

124 1616 501 1699 udAntipatrrmidelertur.
526 1614 591 1689 llic,
605 1616 730 1694 quinon
746 1616 947 1690 deseruerant,
956 1618 1090 1680 exercitu
1103 1620 1206 1681 suffra·

123 1706 204 1785 pium
227 1706 341 1767 lereute
356 1701 462 1781 rapitis
476 1702 613 1764 absentes
629 1701 816 1775 damnantur,
838 1701 868 1762 in
883 1700 931 1762 bis
945 1702 1111 1765 Eumenes.
1142 1704 1205 1766 llac

124 1790 172 1851 illu
188 1790 344 1869 penurlsus
366 1788 450 1867 plaga
471 1807 533 1849 riou
554 1786 711 1848 succubuit
733 1805 832 1865 neque
855 1805 891 1847 eo
907 1786 1002 1849 setius
1023 1787 1139 1850 bellum
1152 1791 1204 1851 ad-

124 1876 310 1936 ministrauit.
332 1874 391 1935 Sul
406 1873 497 1933 exiles
511 1891 561 1932 res
573 1872 664 1933 animi
678 1871 924 1950 magnitudinem,
938 1872 995 1933 etsi
1004 1892 1068 1935 non
1083 1875 1204 1954 frange»

95 1974 109 2023 a
125 1960 205 2031 lutat,
221 1970 318 2020 torrium
334 1958 516 2018 minuebant.
539 1956 626 2017 Hune
642 1975 825 2036 persequens
840 1956 1018 2035 Antigonus,
1034 1960 1204 2021 cumomni

125 2062 233 2121 puriore
249 2044 402 2121 copiarum
416 2042 587 2115 abundaret,
603 2059 691 2119 saepe
706 2042 737 2101 in
753 2041 910 2104 itineribus
919 2042 1088 2121 venabatur,
1104 2064 1205 2125 neque

125 2146 264 2205 turriquour
279 2125 316 2186 ad
330 2144 450 2186 manum
465 2125 606 2186 accedere
619 2123 726 2185 licebat
740 2127 798 2186 nisi
819 2127 856 2187 iis
876 2127 959 2201 locis,
981 2128 1093 2208 quibus
1114 2130 1203 2210 pauci

95 2211 225 2273 amultis
247 2219 370 2291 possent
391 2209 540 2271 resistere.
582 2209 640 2270 Sed
662 2220 793 2271 extremo
816 2221 960 2292 tempore,
982 2232 1052 2274 cum
1075 2215 1202 2277 consilio

124 2297 189 2376 capi
206 2315 267 2358 non
283 2303 394 2375 posset,
409 2295 599 2357 multitudine
614 2295 787 2357 circumitus
803 2306 856 2358 est.
888 2296 965 2358 ilino
978 2305 1079 2361 tamen
1099 2300 1203 2362 multis

192 2533 283 2582 arrtmo
300 2533 388 2595 magis
405 2532 486 2579 etiam
504 2545 585 2595 quam
602 2547 715 2597 corpore
732 2532 787 2583 ‘mit
804 2532 870 2584 noch
888 2531 1150 2586 mebrLeidenscbett
1163 2535 1202 2587 als

122 2597 295 2668 kdrperlieber
312 2599 511 2679 Anetrepgung’.
988 2669 994 2680 Ι

122 2802 144 2854 v
191 2680 501 2850 Afzidbmttddli
515 2664 591 2785 lat·
604 2669 1200 2801 a.a·astat.attalaia...

146 2817 160 2853 e
205 2816 314 2852 recen.

161 2818 216 2921 mlxi.
235 2869 369 2933 dignitote
385 2864 439 2917 ‘der
461 2866 546 2919 hohen
564 2866 698 2936 Stellung'.
721 2896 756 2908 -
779 2886 843 2922 mur
867 2878 927 2923 erat
944 2871 994 2924 wie
1011 2871 1060 2939 Ag.
1081 2876 1105 2940 1,
1125 2878 1148 2927 1.
1166 2903 1200 2913 -

123 2937 213 3004 amplo
228 2935 280 2989 wie
297 2935 352 2987 Alc.
372 2939 395 3000 1,
408 2936 433 2988 2.

192 3000 220 3060 5.
240 3008 263 3056 l.
280 3004 317 3056 od
333 3004 518 3070 Antipatrum.
552 3003 585 3054 Er
603 3007 652 3056 trat
664 3018 697 3056 an
714 3003 755 3057 die
772 3005 853 3058 Stella
870 3006 917 3060 des
933 3006 1076 3061 Perdiccas.

192 3076 240 3140 qui
247 3088 301 3123 nore
311 3074 485 3124 deseruerant
498 3071 548 3123 ‘die
566 3072 637 3125 nicht
649 3073 785 3140 abtrrinnig
803 3076 942 3141 geworden
960 3078 1068 3136 waren’;
1087 3076 1198 3131 diadem

122 3142 265 3205 Perdiccas,
281 3140 406 3193 walchem
423 3138 473 3190 alle
491 3140 528 3192 als
550 3139 608 3193 dem
625 3140 756 3193 Vormund
773 3141 819 3193 der
840 3142 1004 3210 kduiglichen
1020 3144 1128 3198 Familia
1144 3145 1199 3198 und

123 3210 345 3263 Reichsverweser
371 3207 509 3259 Gehorsam
535 3207 694 3274 schuldeten,
721 3209 793 3261 nieht
818 3216 910 3264 untren
936 3210 1075 3279 gewordan
1102 3227 1200 3267 waren.

123 3280 253 3331 Deserere
270 3276 324 3327 hier
341 3274 393 3326 und
411 3273 477 3324 diter
494 3275 604 3341 absolut,
621 3292 698 3330 unser
714 3278 895 3331 ‘desertieren'.

191 3349 313 3397 eserettu
335 3343 500 3407 suffragium
522 3343 632 3404 ferente.
666 3345 726 3398 Dies
748 3360 802 3399 war
826 3347 867 3398 bei
885 3347 934 3401 den
952 3348 1133 3403 Macedoniarn
1151 3351 1199 3405 das

121 3412 276 3481 gesetzliebe
292 3408 490 3531 Knegsgreriebt

190 3482 287 3546 eapitis
303 3480 370 3531 ‘aum
410 3477 476 3530 ode'.
511 3475 537 3529 S.
555 3493 587 3528 zu
604 3477 667 3533 Milt.
686 3484 710 3547 7,
728 3484 754 3534 6.
770 3508 804 3521 -
821 3490 961 3548 perculsus
977 3485 1027 3536 wie
1043 3485 1111 3538 Dion
1129 3491 1155 3553 5,
1175 3491 1201 3542 3.

122 3578 156 3593 -
174 3548 258 3601 eoetlee
274 3563 316 3597 ree
332 3546 383 3599 ‘die
399 3545 510 3613 durltige
526 3545 611 3613 Lage'.

190 3619 214 3669 2.
234 3617 284 3668 320
302 3630 327 3666 v.
345 3615 390 3667 Ch.
409 3644 443 3655 -
469 3615 623 3680 Antigonus
644 3630 699 3667 war
721 3629 781 3667 vom
806 3617 939 3686 Antipater
961 3636 1019 3673 zum
1037 3619 1200 3676 Reicbsield·

121 3687 197 3741 berra
214 3683 368 3749 (Strategent
385 3697 437 3735 von
455 3681 624 3736 Vorderasien
639 3686 754 3735 emanat

181 3752 228 3809 ,ad
244 3765 353 3803 manum
371 3750 497 3803 accedere
514 3751 563 3819 eig.
586 3753 627 3803 ‘en
645 3751 687 3803 die
703 3750 794 3819 fland',
816 3752 840 3805 d.
858 3754 875 3806 i.
892 3755 953 3808 ‘ihm
972 3756 1038 3809 nahe
1055 3752 1200 3814 hommen’.

191 3825 216 3875 3.
235 3819 345 3872 coemtio
362 3819 414 3871 uie
431 3817 521 3871 Tbem.
537 3823 563 3884 4,
581 3823 605 3873 b.
623 3848 657 3859 —
674 3823 739 3886 eope·
755 3821 860 3887 ‘gelesst
877 3823 998 3876 werden’.
