2580 4372
160 195 220 255 142
515 198 599 251 lllllll.
617 199 790 252 nminat.
808 202 833 251 6.
851 202 875 249 t.

159 373 281 445 dictum,
298 391 333 432 ex
348 390 408 450 quo
425 372 555 452 intellegi
570 371 674 450 possit,
691 380 820 451 quantus
835 371 884 432 ille
905 370 1012 432 suerit:
1035 371 1184 449 quamdiu
1208 373 1238 433 in

161 457 244 518 ltalia
259 458 323 532 luit,
340 476 428 519 nemo
443 458 471 519 ei
486 459 516 518 in
532 458 593 519 acie
610 456 725 529 restitit,
741 476 829 517 nemo
844 457 984 516 adversus
995 474 1066 516 eum
1077 466 1152 535 post
1163 456 1239 519 Can·

156 561 279 604 nensem
293 560 424 622 pugnam
437 545 469 603 in
484 562 588 623 campo
603 553 699 605 castra
712 543 823 620 posuit.

123 628 143 689 6
242 629 321 689 Hinc
335 629 461 689 inrictus
475 630 598 708 patriam
615 628 769 689 defensum
784 635 936 688 revocatus
951 627 1064 688 bellurn
1080 628 1179 704 gessit
1189 628 1238 691 ad-

155 731 259 775 sersus
270 713 303 774 P.
316 714 498 793 Scipionem,
509 715 602 775 filium
618 713 682 775 eius
694 713 852 793 Scipionis,
865 730 954 792 quem
965 713 1031 792 ipse
1043 713 1146 792 primo
1158 715 1236 795 apud

124 809 140 859 2
155 799 341 873 Rhodanum,
352 799 458 860 iterum
466 801 545 879 apud
555 799 676 873 Padurn,
689 799 776 859 tertio
785 799 864 878 apud
871 796 1008 858 Trebiam
1015 797 1146 878 iugarat.
1163 798 1236 861 Cum

155 885 213 945 hoc
235 884 385 945 exhaustis
403 885 460 945 iarn
482 884 594 964 patriae
611 883 800 945 facultatibus
821 881 932 963 cupivit
951 882 1237 964 impraesentiarum

155 969 265 1030 bellum
282 988 471 1050 componere,
486 988 546 1048 quo
561 969 705 1032 valentior
718 977 820 1049 postea
830 969 1073 1047 congrederetur.
1097 969 1136 1030 In
1147 970 1237 1031 collo

124 1054 259 1134 equium
276 1055 430 1130 convenit;
447 1055 639 1116 condiciones
654 1073 715 1116 non
731 1061 944 1117 convenerunt.
973 1054 1047 1115 Post
1069 1055 1101 1115 id
1123 1055 1236 1118 factum

154 1142 258 1219 paucis
274 1140 378 1202 diebus
392 1142 471 1220 apud
485 1140 601 1202 Zamam
617 1159 685 1202 oum
701 1141 805 1201 eodem
820 1139 968 1201 conflixit:
991 1140 1102 1220 pulsus
1120 1136 1234 1222 (incre-

154 1226 243 1287 dibile
265 1226 358 1303 dictu)
387 1225 479 1287 biduo
504 1234 534 1287 et
554 1226 668 1288 duabus
689 1225 827 1286 noctibus
848 1224 1062 1287 Hadrumetum
1083 1227 1233 1306 pervenit,

116 1325 132 1374 t
154 1312 235 1388 quod
249 1311 333 1372 abest
346 1311 382 1371 ab
393 1311 480 1372 Zama
495 1312 612 1373 circiter
626 1312 706 1373 milia
720 1330 862 1391 passuum
876 1318 1017 1372 trecenta.
1040 1311 1076 1373 ln
1093 1312 1152 1373 hac
1165 1313 1236 1390 fuga

152 1394 313 1470 Numidae,
335 1397 388 1474 qui
402 1396 491 1458 simul
506 1416 573 1457 cum
590 1416 625 1458 eo
642 1416 677 1457 ex
699 1398 760 1457 acie
783 1405 984 1472 excesserant,
1006 1396 1141 1459 insidiati
1163 1404 1234 1458 sunt

155 1480 181 1541 ei
188 1499 197 1554 ;
214 1499 290 1558 quos
306 1499 367 1542 non
383 1482 479 1542 solum
494 1482 613 1560 effugit,
636 1483 688 1542 sed
709 1483 797 1542 etiam
818 1482 899 1560 ipsos
920 1482 1081 1561 oppressit.
1114 1483 1231 1544 Hadru-

153 1566 224 1626 meti
249 1564 380 1643 reliquos
408 1567 516 1646 eiuga
542 1567 677 1646 collegit3
704 1567 788 1627 novis
814 1566 969 1628 dilectibus
994 1567 1100 1647 paucis
1128 1569 1232 1631 diebus

152 1650 263 1712 multos
277 1652 431 1713 contraxit.

121 1738 140 1799 7
240 1737 312 1798 Cum
321 1738 352 1798 in
362 1738 532 1817 apparando
542 1737 683 1800 acerrime
695 1745 773 1799 esset
787 1744 960 1816 occupatus,
972 1736 1233 1817 Carthaginienses
1282 1754 1286 1763 ·

152 1822 264 1883 heHum
280 1841 348 1882 cum
362 1822 504 1883 Romanis
519 1832 761 1902 composuerunt.
791 1821 843 1883 lHe
860 1821 953 1883 nihilo
969 1824 1064 1884 setius
1086 1824 1230 1887 exercitui

152 1915 256 1986 postea
269 1908 396 1986 praefuit
411 1926 519 1986 resque
535 1908 566 1968 in
582 1910 679 1970 Africa
694 1908 786 1988 gessit
800 1908 930 1986 itemque
944 1907 1040 1987 Mage,
1050 1908 1228 1985 fratereius,

122 1997 249 2071 iusque
263 1993 299 2053 ad
314 1992 347 2052 P.
364 1992 529 2073 Sulpicium
546 1993 578 2053 C.
594 1994 746 2054 Aurelium
769 1993 918 2054 consules.
954 1992 1008 2054 His
1032 1995 1116 2056 enim
1137 1994 1228 2075 magi·

152 2077 294 2137 stratibus
308 2078 397 2156 legati
408 2077 664 2156 Carthaginienses
674 2077 797 2139 Romam
812 2085 967 2153 venerunt,
980 2079 1032 2157 qui
1042 2081 1166 2143 senatui
1174 2099 1227 2161 po-

151 2161 284 2241 puloque
299 2161 432 2222 Romano
449 2162 556 2240 gratias
571 2172 701 2242 agerent,
717 2164 797 2242 quod
812 2182 880 2224 cum
895 2163 941 2224 his
956 2183 1061 2243 paoem
1077 2165 1226 2239 fecissent,
1286 2184 1288 2189 ’

218 2298 312 2360 poesie.
346 2294 395 2347 Der
412 2296 573 2362 Gonjunitiv,
592 2297 651 2349 weil
669 2314 704 2348 ea
721 2314 773 2363 quo
792 2326 824 2337 —
843 2301 895 2348 ‘um
913 2296 1024 2363 daraus’,
1040 2298 1095 2349 und
1112 2298 1161 2351 der
1169 2299 1227 2352 sau

151 2362 202 2425 den
217 2362 312 2415 Zweck
330 2363 486 2416 bezeichnet.

219 2432 269 2483 Am
293 2432 439 2499 Folgenden
463 2433 498 2484 ist
514 2448 562 2483 nur
579 2433 662 2484 soriel
679 2432 765 2496 wabr,
783 2432 842 2484 dass
859 2432 986 2486 Hannibal
1003 2434 1030 2484 in
1047 2434 1141 2487 ltalien
1157 2435 1226 2487 nicht

151 2499 305 2566 geschlagen
321 2501 419 2553 ¹warde.
437 2529 471 2538 -
489 2505 519 2551 in
537 2516 631 2567 campo
649 2501 685 2552 ‘in
702 2501 747 2552 der
763 2501 866 2554 Ebene’.

220 2563 248 2623 6.
278 2573 299 2619 1.
327 2572 376 2621 202
399 2585 425 2620 r.
450 2568 494 2619 Gh.
512 2597 546 2607 -
563 2572 590 2619 P.
608 2569 768 2636 Scipionem,
791 2569 903 2621 welcher
926 2571 990 2622 nach
1017 2569 1062 2622 der
1079 2570 1225 2638 Besiegung

148 2633 194 2688 des
211 2635 337 2687 Hannibal
353 2636 503 2698 Africanus
520 2642 632 2703 genennt
649 2637 746 2688 wurde.

219 2721 297 2769 quem
313 2709 370 2770 ipsa
383 2721 408 2756 u.
427 2720 448 2756 s.
466 2720 499 2757 w.
527 2705 552 2758 S.
571 2721 594 2758 c.
612 2708 637 2770 4,
657 2709 668 2757 1
689 2705 742 2757 uad
760 2705 818 2756 dori
834 2704 875 2756 die
892 2705 1067 2772 Anmerkung.
1085 2735 1121 2746 —
1137 2710 1223 2774 prino

148 2785 174 2822 u.
193 2775 272 2822 tertio
289 2771 340 2822 wic
356 2788 378 2822 c.
396 2774 421 2834 4,
440 2775 464 2824 2.

219 2841 242 2889 2.
261 2843 514 2903 impraesentiarum
531 2839 566 2890 ist
584 2853 629 2890 aus
651 2838 696 2890 der
713 2838 911 2906 Volhssprache.
935 2870 970 2879 -
995 2842 1094 2894 ballum
1118 2859 1222 2915 eampo·

147 2921 212 2957 nere
230 2906 279 2958 wie
296 2906 351 2958 Alc.
369 2909 394 2970 8,
412 2909 436 2959 3.
861 2953 864 2957 .

218 2977 244 3027 3.
262 2975 324 3026 Post
340 2975 371 3025 id
386 2973 491 3036 suatum
509 2975 583 3027 ‘nach
600 2973 697 3028 diesem
714 2973 860 3042 Ereigniss'.
877 3005 911 3015 -
929 2977 1004 3043 apud
1021 2977 1143 3030 Zamam.
1178 2979 1224 3032 Hie

148 3041 270 3095 Schlaeht
287 3058 341 3095 war
356 3043 399 3095 bei
416 3044 569 3111 Naraggara,
588 3048 655 3095 etwa
675 3047 705 3096 10
731 3044 933 3111 geographische
951 3044 1045 3098 Meilen
1068 3062 1121 3099 von
1138 3048 1223 3113 Zama,

149 3128 190 3164 wo
209 3112 249 3163 die
264 3112 344 3164 Heere
361 3128 408 3163 ror
426 3112 470 3164 der
486 3112 666 3179 Uatenedung
689 3114 804 3179 gelagert
829 3112 927 3164 hatten.
961 3112 1147 3169 Hadrumetum
1171 3130 1224 3168 rear

145 3196 205 3300 Hori]
217 3179 293 3231 Zama
310 3180 382 3298 picht
399 3181 462 3232 uber
480 3183 581 3233 100000
598 3180 701 3244 Passus,
720 3197 771 3233 von
789 3181 935 3247 Naraggara
956 3184 1054 3236 150000
1073 3186 1117 3248 (30
1135 3199 1221 3254 geogr.

172 3249 194 3301 e'
207 3252 248 3312 en)
266 3253 310 3299 ent
321 3251 385 3299 erni.

215 3320 241 3370 4.
258 3316 341 3368 amul
357 3330 417 3366 aum
435 3314 485 3365 wie
501 3314 557 3367 Alc.
575 3319 599 3381 5,
617 3320 640 3368 4.
651 3344 683 3354 -
699 3317 829 3369 insidiari
845 3316 911 3368 nach
928 3316 992 3369 Dion
1010 3321 1034 3385 8,
1052 3321 1076 3371 4.
1087 3320 1223 3388 —elhga

148 3383 239 3451 gehdrt
256 3400 287 3435 zu
307 3384 431 3449 collegia
449 3383 497 3435 wir
515 3382 700 3450 ‘Fldchtlinge'.
736 3384 794 3452 Vgl.
811 3386 860 3451 Ag.
880 3388 906 3450 4,
924 3389 947 3439 6.
1283 3380 1288 3391 ’

216 3448 244 3505 7.
265 3451 999 3517 t.201v.cn-aeernnewtea1a5,1.-res
1023 3459 1109 3520 gessit
1129 3456 1226 3511 ‘ldhrle

146 3519 241 3586 Krieg’.
260 3549 293 3557 -
311 3521 339 3570 P.
359 3520 510 3586 Sulpicium
529 3519 555 3570 C.
573 3520 715 3571 Aurelium
733 3522 863 3586 consules,
881 3523 932 3575 200
949 3538 974 3575 v.
993 3523 1038 3576 Ch.
1226 3580 1230 3585 ,

214 3590 238 3640 2.
258 3588 342 3652 legati
360 3587 594 3653 Carthaginienses
611 3588 663 3641 wie
679 3589 909 3641 Halicarnaesiam
936 3595 1019 3642 dueta
1042 3589 1133 3645 rbem.
1154 3597 1178 3656 1,
1196 3587 1241 3649 2,

146 3684 180 3695 —
199 3670 258 3707 aum
277 3658 317 3707 bia
341 3656 393 3708 und
418 3657 522 3708 obsides
539 3672 630 3708 eorum
654 3657 704 3709 wie
727 3660 763 3707 iia
780 3656 869 3709 Them.
894 3660 918 3721 8,
944 3662 968 3713 3.
1002 3658 1049 3712 Die
1072 3654 1232 3717 demand

145 3722 223 3777 reden
240 3724 275 3775 im
293 3724 390 3776 Namen
407 3724 474 3777 ihrer
490 3724 685 3793 Auitraggeber.
720 3725 779 3777 Hier
796 3740 954 3778 werrarum
972 3728 1024 3779 und
1049 3728 1153 3779 abactae
1176 3730 1229 3791 eat,-

146 3791 310 3846 entschieden
328 3794 488 3859 vorzuziehn,
506 3793 538 3845 da
556 3809 599 3845 eos
617 3792 671 3845 sich
689 3793 735 3844 aui
748 3798 855 3846 senatui
869 3796 1023 3862 populoque
1036 3795 1158 3849 Romano
1176 3798 1224 3851 be·
1242 3839 1243 3843 ,

145 3861 221 3914 nieht.
256 3860 301 3914 Die
319 3862 408 3914 Warte
427 3863 458 3913 ab
477 3867 752 3928 eamque-peterent
768 3862 880 3930 gehdren
897 3863 993 3917 wieder
1010 3880 1042 3916 an
1060 3868 1116 3931 pai.
