<?xml version="1.0" encoding="UTF-8"?>
<!DOCTYPE html PUBLIC "-//W3C//DTD XHTML 1.0 Transitional//EN"
    "http://www.w3.org/TR/xhtml1/DTD/xhtml1-transitional.dtd">
<html xmlns="http://www.w3.org/1999/xhtml" xml:lang="en" lang="en">
 <head>
  <title>
</title>
<meta http-equiv="Content-Type" content="text/html;charset=utf-8" />
  <meta name='ocr-system' content='tesseract 3.04.00' />
  <meta name='ocr-capabilities' content='ocr_page ocr_carea ocr_par ocr_line ocrx_word'/>
</head>
<body>
  <div class='ocr_page' id='page_1' title='image "./corneliusnepos01nepogoog_0174.png"; bbox 0 0 2580 4372; ppageno 0'>
   <div class='ocr_carea' id='block_1_1' title="bbox 127 168 816 232">
    <p class='ocr_par' dir='ltr' id='par_1_1' title="bbox 127 168 816 232">
     <span class='ocr_line' id='line_1_1' title="bbox 127 168 816 232; baseline -0.015 1"><span class='ocrx_word' id='word_1_1' title='bbox 127 170 187 232; x_wconf 86' lang='grc'>168</span> <span class='ocrx_word' id='word_1_2' title='bbox 513 169 591 221; x_wconf 83' lang='lat' dir='ltr'><strong>XXV.</strong></span> <span class='ocrx_word' id='word_1_3' title='bbox 609 168 755 223; x_wconf 84' lang='lat' dir='ltr'>ATTlGUS.</span> <span class='ocrx_word' id='word_1_4' title='bbox 776 172 816 223; x_wconf 78' lang='lat'>12.</span> 
     </span>
    </p>
   </div>
   <div class='ocr_carea' id='block_1_2' title="bbox 39 340 1209 1783">
    <p class='ocr_par' dir='ltr' id='par_1_2' title="bbox 39 340 1209 1783">
     <span class='ocr_line' id='line_1_2' title="bbox 120 340 1208 422; baseline -0.005 -15"><span class='ocrx_word' id='word_1_5' title='bbox 120 365 152 407; x_wconf 88' lang='lat' dir='ltr'>re</span> <span class='ocrx_word' id='word_1_6' title='bbox 167 365 240 406; x_wconf 93' lang='lat' dir='ltr'>usus</span> <span class='ocrx_word' id='word_1_7' title='bbox 257 345 296 406; x_wconf 91' lang='lat' dir='ltr'>sit</span> <span class='ocrx_word' id='word_1_8' title='bbox 310 363 343 405; x_wconf 91' lang='lat' dir='ltr'>ea</span> <span class='ocrx_word' id='word_1_9' title='bbox 358 343 416 404; x_wconf 94' lang='lat' dir='ltr'>nisi</span> <span class='ocrx_word' id='word_1_10' title='bbox 431 344 462 404; x_wconf 94' lang='lat' dir='ltr'>in</span> <span class='ocrx_word' id='word_1_11' title='bbox 479 342 673 422; x_wconf 78' lang='lat' dir='ltr'>deprecandis</span> <span class='ocrx_word' id='word_1_12' title='bbox 688 341 851 402; x_wconf 88' lang='lat' dir='ltr'>amicorum</span> <span class='ocrx_word' id='word_1_13' title='bbox 861 350 912 402; x_wconf 87' lang='lat' dir='ltr'>ant</span> <span class='ocrx_word' id='word_1_14' title='bbox 927 340 1077 421; x_wconf 89' lang='lat' dir='ltr'>periculis</span> <span class='ocrx_word' id='word_1_15' title='bbox 1093 350 1146 402; x_wconf 90' lang='lat' dir='ltr'>aut</span> <span class='ocrx_word' id='word_1_16' title='bbox 1159 341 1208 402; x_wconf 91' lang='lat' dir='ltr'>in·</span> 
     </span>
     <span class='ocr_line' id='line_1_3' title="bbox 89 427 1206 509; baseline -0.006 -16"><span class='ocrx_word' id='word_1_17' title='bbox 89 440 105 493; x_wconf 74' lang='grc'>3</span> <span class='ocrx_word' id='word_1_18' title='bbox 121 430 292 493; x_wconf 84' lang='lat' dir='ltr'>commodis.</span> <span class='ocrx_word' id='word_1_19' title='bbox 331 429 417 499; x_wconf 86' lang='lat' dir='ltr'>Quod</span> <span class='ocrx_word' id='word_1_20' title='bbox 432 428 550 509; x_wconf 90' lang='lat' dir='ltr'>quidem</span> <span class='ocrx_word' id='word_1_21' title='bbox 566 427 620 487; x_wconf 93' lang='lat' dir='ltr'>sub</span> <span class='ocrx_word' id='word_1_22' title='bbox 636 428 699 506; x_wconf 93' lang='lat' dir='ltr'>ipsa</span> <span class='ocrx_word' id='word_1_23' title='bbox 714 428 933 506; x_wconf 87' lang='lat' dir='ltr'>proscriptione</span> <span class='ocrx_word' id='word_1_24' title='bbox 948 427 1128 505; x_wconf 81' lang='lat' dir='ltr'><strong>perillustre</strong></span> <span class='ocrx_word' id='word_1_25' title='bbox 1141 428 1206 488; x_wconf 81' lang='lat' dir='ltr'>fuit</span> 
     </span>
     <span class='ocr_line' id='line_1_4' title="bbox 120 511 1207 592; baseline -0.005 -14"><span class='ocrx_word' id='word_1_26' title='bbox 120 518 192 578; x_wconf 89' lang='lat' dir='ltr'>Nam</span> <span class='ocrx_word' id='word_1_27' title='bbox 210 533 277 575; x_wconf 90' lang='lat' dir='ltr'>oum</span> <span class='ocrx_word' id='word_1_28' title='bbox 292 513 326 574; x_wconf 87' lang='lat' dir='ltr'>L.</span> <span class='ocrx_word' id='word_1_29' title='bbox 344 514 471 589; x_wconf 81' lang='lat' dir='ltr'><strong>Saufeii,</strong></span> <span class='ocrx_word' id='word_1_30' title='bbox 493 512 601 592; x_wconf 88' lang='lat' dir='ltr'>equitis</span> <span class='ocrx_word' id='word_1_31' title='bbox 616 512 758 587; x_wconf 87' lang='lat' dir='ltr'>Romani,</span> <span class='ocrx_word' id='word_1_32' title='bbox 775 512 905 591; x_wconf 91' lang='lat' dir='ltr'>aequalis</span> <span class='ocrx_word' id='word_1_33' title='bbox 920 513 981 586; x_wconf 85' lang='lat' dir='ltr'>sui,</span> <span class='ocrx_word' id='word_1_34' title='bbox 999 512 1053 590; x_wconf 90' lang='lat' dir='ltr'>qui</span> <span class='ocrx_word' id='word_1_35' title='bbox 1070 511 1207 591; x_wconf 86' lang='lat' dir='ltr'>complu-</span> 
     </span>
     <span class='ocr_line' id='line_1_5' title="bbox 121 597 1205 677; baseline -0.003 -16"><span class='ocrx_word' id='word_1_36' title='bbox 121 620 169 662; x_wconf 86' lang='lat' dir='ltr'>res</span> <span class='ocrx_word' id='word_1_37' title='bbox 184 618 280 660; x_wconf 92' lang='lat' dir='ltr'>annos</span> <span class='ocrx_word' id='word_1_38' title='bbox 295 600 393 659; x_wconf 86' lang='lat' dir='ltr'>studio</span> <span class='ocrx_word' id='word_1_39' title='bbox 409 599 515 660; x_wconf 86' lang='lat' dir='ltr'>ductus</span> <span class='ocrx_word' id='word_1_40' title='bbox 531 597 736 677; x_wconf 77' lang='lat' dir='ltr'>philosophiae</span> <span class='ocrx_word' id='word_1_41' title='bbox 757 597 906 658; x_wconf 81' lang='lat' dir='ltr'>habitabat</span> <span class='ocrx_word' id='word_1_42' title='bbox 922 597 1047 658; x_wconf 80' lang='lat' dir='ltr'>hthenis</span> <span class='ocrx_word' id='word_1_43' title='bbox 1064 597 1205 658; x_wconf 90' lang='lat' dir='ltr'>habebat-</span> 
     </span>
     <span class='ocr_line' id='line_1_6' title="bbox 122 682 1206 764; baseline -0.004 -18"><span class='ocrx_word' id='word_1_44' title='bbox 122 705 180 764; x_wconf 90' lang='lat' dir='ltr'>que</span> <span class='ocrx_word' id='word_1_45' title='bbox 194 685 225 745; x_wconf 96' lang='lat' dir='ltr'>in</span> <span class='ocrx_word' id='word_1_46' title='bbox 241 685 323 745; x_wconf 87' lang='lat' dir='ltr'>ltalia</span> <span class='ocrx_word' id='word_1_47' title='bbox 338 684 483 763; x_wconf 90' lang='lat' dir='ltr'>pretiosas</span> <span class='ocrx_word' id='word_1_48' title='bbox 498 683 719 763; x_wconf 84' lang='lat' dir='ltr'>possessiones,</span> <span class='ocrx_word' id='word_1_49' title='bbox 740 682 887 744; x_wconf 89' lang='lat' dir='ltr'>triumviri</span> <span class='ocrx_word' id='word_1_50' title='bbox 907 683 985 743; x_wconf 89' lang='lat' dir='ltr'>bona</span> <span class='ocrx_word' id='word_1_51' title='bbox 1002 682 1206 744; x_wconf 82' lang='lat' dir='ltr'>vendidissent</span> 
     </span>
     <span class='ocr_line' id='line_1_7' title="bbox 123 767 1206 848; baseline -0.006 -16"><span class='ocrx_word' id='word_1_52' title='bbox 123 770 339 832; x_wconf 90' lang='lat' dir='ltr'>consuetudine</span> <span class='ocrx_word' id='word_1_53' title='bbox 354 789 403 843; x_wconf 82' lang='lat' dir='ltr'>ea,</span> <span class='ocrx_word' id='word_1_54' title='bbox 421 778 555 848; x_wconf 90' lang='lat' dir='ltr'>quatum</span> <span class='ocrx_word' id='word_1_55' title='bbox 571 787 619 829; x_wconf 88' lang='lat' dir='ltr'>res</span> <span class='ocrx_word' id='word_1_56' title='bbox 634 767 925 848; x_wconf 81' lang='lat' dir='ltr'>gerebantur‚httiei</span> <span class='ocrx_word' id='word_1_57' title='bbox 936 767 1039 828; x_wconf 92' lang='lat' dir='ltr'>labore</span> <span class='ocrx_word' id='word_1_58' title='bbox 1054 776 1148 846; x_wconf 91' lang='lat' dir='ltr'>atque</span> <span class='ocrx_word' id='word_1_59' title='bbox 1163 768 1206 828; x_wconf 91' lang='lat' dir='ltr'>in-</span> 
     </span>
     <span class='ocr_line' id='line_1_8' title="bbox 122 853 1206 929; baseline -0.005 -12"><span class='ocrx_word' id='word_1_60' title='bbox 122 857 235 917; x_wconf 89' lang='lat' dir='ltr'>dustria</span> <span class='ocrx_word' id='word_1_61' title='bbox 256 856 441 929; x_wconf 79' lang='lat' dir='ltr'>factumest,</span> <span class='ocrx_word' id='word_1_62' title='bbox 465 863 498 914; x_wconf 90' lang='lat' dir='ltr'>ut</span> <span class='ocrx_word' id='word_1_63' title='bbox 520 854 622 915; x_wconf 87' lang='lat' dir='ltr'>eodem</span> <span class='ocrx_word' id='word_1_64' title='bbox 645 853 751 915; x_wconf 90' lang='lat' dir='ltr'>nuntio</span> <span class='ocrx_word' id='word_1_65' title='bbox 774 854 912 915; x_wconf 81' lang='lat' dir='ltr'>Saufeius</span> <span class='ocrx_word' id='word_1_66' title='bbox 932 854 1018 913; x_wconf 88' lang='lat' dir='ltr'>fieret</span> <span class='ocrx_word' id='word_1_67' title='bbox 1040 853 1157 913; x_wconf 88' lang='lat' dir='ltr'>certior</span> <span class='ocrx_word' id='word_1_68' title='bbox 1177 870 1206 911; x_wconf 87' lang='lat' dir='ltr'>se</span> 
     </span>
     <span class='ocr_line' id='line_1_9' title="bbox 92 937 1207 1022; baseline -0.004 -21"><span class='ocrx_word' id='word_1_69' title='bbox 92 940 333 1022; x_wconf 80' lang='lat' dir='ltr'>tpatrimonium</span> <span class='ocrx_word' id='word_1_70' title='bbox 354 939 486 1000; x_wconf 89' lang='lat' dir='ltr'>amisisse</span> <span class='ocrx_word' id='word_1_71' title='bbox 508 948 537 1000; x_wconf 92' lang='lat' dir='ltr'>et</span> <span class='ocrx_word' id='word_1_72' title='bbox 555 957 758 1017; x_wconf 87' lang='lat' dir='ltr'>recuperasse.</span> <span class='ocrx_word' id='word_1_73' title='bbox 779 939 860 1001; x_wconf 90' lang='lat' dir='ltr'>Idem</span> <span class='ocrx_word' id='word_1_74' title='bbox 881 938 915 999; x_wconf 88' lang='lat' dir='ltr'>L.</span> <span class='ocrx_word' id='word_1_75' title='bbox 931 937 1041 998; x_wconf 90' lang='lat' dir='ltr'>lulium</span> <span class='ocrx_word' id='word_1_76' title='bbox 1064 937 1207 1005; x_wconf 81' lang='lat' dir='ltr'>Calidum,</span> 
     </span>
     <span class='ocr_line' id='line_1_10' title="bbox 123 1023 1206 1105; baseline -0.006 -18"><span class='ocrx_word' id='word_1_77' title='bbox 123 1044 211 1105; x_wconf 90' lang='lat' dir='ltr'>quem</span> <span class='ocrx_word' id='word_1_78' title='bbox 239 1033 307 1103; x_wconf 91' lang='lat' dir='ltr'>post</span> <span class='ocrx_word' id='word_1_79' title='bbox 328 1024 459 1086; x_wconf 89' lang='lat' dir='ltr'>Lucretii</span> <span class='ocrx_word' id='word_1_80' title='bbox 482 1024 646 1103; x_wconf 85' lang='lat' dir='ltr'>Catullique</span> <span class='ocrx_word' id='word_1_81' title='bbox 676 1031 802 1084; x_wconf 90' lang='lat' dir='ltr'>mortem</span> <span class='ocrx_word' id='word_1_82' title='bbox 829 1024 923 1083; x_wconf 91' lang='lat' dir='ltr'>multo</span> <span class='ocrx_word' id='word_1_83' title='bbox 952 1023 1206 1102; x_wconf 81' lang='lat' dir='ltr'>elegantissimum</span> 
     </span>
     <span class='ocr_line' id='line_1_11' title="bbox 123 1108 1207 1190; baseline -0.006 -18"><span class='ocrx_word' id='word_1_84' title='bbox 123 1119 241 1190; x_wconf 79' lang='lat' dir='ltr'>poetam</span> <span class='ocrx_word' id='word_1_85' title='bbox 264 1117 395 1170; x_wconf 92' lang='lat' dir='ltr'>nostram</span> <span class='ocrx_word' id='word_1_86' title='bbox 417 1109 521 1171; x_wconf 90' lang='lat' dir='ltr'>tulisse</span> <span class='ocrx_word' id='word_1_87' title='bbox 548 1117 671 1170; x_wconf 87' lang='lat' dir='ltr'>aetatem</span> <span class='ocrx_word' id='word_1_88' title='bbox 693 1128 761 1170; x_wconf 89' lang='lat' dir='ltr'>vere</span> <span class='ocrx_word' id='word_1_89' title='bbox 790 1108 892 1169; x_wconf 92' lang='lat' dir='ltr'>videor</span> <span class='ocrx_word' id='word_1_90' title='bbox 913 1127 1001 1187; x_wconf 90' lang='lat' dir='ltr'>posse</span> <span class='ocrx_word' id='word_1_91' title='bbox 1025 1109 1207 1169; x_wconf 83' lang='lat' dir='ltr'>contendere</span> 
     </span>
     <span class='ocr_line' id='line_1_12' title="bbox 124 1193 1208 1275; baseline -0.004 -19"><span class='ocrx_word' id='word_1_92' title='bbox 124 1215 223 1275; x_wconf 89' lang='lat' dir='ltr'>neque</span> <span class='ocrx_word' id='word_1_93' title='bbox 244 1196 344 1256; x_wconf 90' lang='lat' dir='ltr'>minus</span> <span class='ocrx_word' id='word_1_94' title='bbox 358 1196 453 1256; x_wconf 84' lang='lat' dir='ltr'>virum</span> <span class='ocrx_word' id='word_1_95' title='bbox 468 1195 579 1256; x_wconf 91' lang='lat' dir='ltr'>bonurn</span> <span class='ocrx_word' id='word_1_96' title='bbox 602 1195 781 1273; x_wconf 88' lang='lat' dir='ltr'>optimisque</span> <span class='ocrx_word' id='word_1_97' title='bbox 800 1194 914 1254; x_wconf 93' lang='lat' dir='ltr'>artibus</span> <span class='ocrx_word' id='word_1_98' title='bbox 928 1193 1099 1267; x_wconf 83' lang='lat' dir='ltr'>eruditum3</span> <span class='ocrx_word' id='word_1_99' title='bbox 1124 1210 1208 1271; x_wconf 85' lang='lat' dir='ltr'>quem</span> 
     </span>
     <span class='ocr_line' id='line_1_13' title="bbox 124 1277 1209 1361; baseline -0.004 -21"><span class='ocrx_word' id='word_1_100' title='bbox 124 1292 193 1361; x_wconf 91' lang='lat' dir='ltr'>post</span> <span class='ocrx_word' id='word_1_101' title='bbox 225 1280 475 1359; x_wconf 87' lang='lat' dir='ltr'>proscriptionem</span> <span class='ocrx_word' id='word_1_102' title='bbox 505 1281 637 1358; x_wconf 87' lang='lat' dir='ltr'>equitum</span> <span class='ocrx_word' id='word_1_103' title='bbox 666 1289 789 1359; x_wconf 90' lang='lat' dir='ltr'>propter</span> <span class='ocrx_word' id='word_1_104' title='bbox 818 1298 938 1358; x_wconf 85' lang='lat' dir='ltr'>magnas</span> <span class='ocrx_word' id='word_1_105' title='bbox 967 1277 1033 1339; x_wconf 90' lang='lat' dir='ltr'>eius</span> <span class='ocrx_word' id='word_1_106' title='bbox 1056 1279 1209 1339; x_wconf 80' lang='lat' dir='ltr'>Africanas</span> 
     </span>
     <span class='ocr_line' id='line_1_14' title="bbox 125 1363 1209 1444; baseline -0.004 -18"><span class='ocrx_word' id='word_1_107' title='bbox 125 1366 330 1444; x_wconf 88' lang='lat' dir='ltr'>possessiones</span> <span class='ocrx_word' id='word_1_108' title='bbox 353 1365 384 1425; x_wconf 95' lang='lat' dir='ltr'>in</span> <span class='ocrx_word' id='word_1_109' title='bbox 406 1366 641 1444; x_wconf 90' lang='lat' dir='ltr'>proscriptorum</span> <span class='ocrx_word' id='word_1_110' title='bbox 664 1383 822 1425; x_wconf 90' lang='lat' dir='ltr'>numerum</span> <span class='ocrx_word' id='word_1_111' title='bbox 843 1364 906 1424; x_wconf 92' lang='lat' dir='ltr'>aP.</span> <span class='ocrx_word' id='word_1_112' title='bbox 918 1363 1097 1437; x_wconf 81' lang='lat' dir='ltr'>Volumnio,</span> <span class='ocrx_word' id='word_1_113' title='bbox 1128 1381 1209 1442; x_wconf 89' lang='lat' dir='ltr'>prae·</span> 
     </span>
     <span class='ocr_line' id='line_1_15' title="bbox 96 1448 1209 1528; baseline 0.001 -22"><span class='ocrx_word' id='word_1_114' title='bbox 96 1452 203 1511; x_wconf 68' lang='lat' dir='ltr'>alecto</span> <span class='ocrx_word' id='word_1_115' title='bbox 216 1450 332 1510; x_wconf 83' lang='lat' dir='ltr'>labrum</span> <span class='ocrx_word' id='word_1_116' title='bbox 346 1451 484 1525; x_wconf 82' lang='lat' dir='ltr'>Antonii,</span> <span class='ocrx_word' id='word_1_117' title='bbox 501 1449 653 1511; x_wconf 89' lang='lat' dir='ltr'>absentem</span> <span class='ocrx_word' id='word_1_118' title='bbox 661 1449 785 1509; x_wconf 88' lang='lat' dir='ltr'>relatum</span> <span class='ocrx_word' id='word_1_119' title='bbox 793 1448 946 1528; x_wconf 89' lang='lat' dir='ltr'>expedivit.</span> <span class='ocrx_word' id='word_1_120' title='bbox 972 1448 1061 1519; x_wconf 81' lang='lat' dir='ltr'>Quod</span> <span class='ocrx_word' id='word_1_121' title='bbox 1077 1448 1110 1508; x_wconf 93' lang='lat' dir='ltr'>in</span> <span class='ocrx_word' id='word_1_122' title='bbox 1127 1466 1209 1527; x_wconf 85' lang='lat' dir='ltr'>prae·</span> 
     </span>
     <span class='ocr_line' id='line_1_16' title="bbox 125 1532 1209 1613; baseline -0.002 -19"><span class='ocrx_word' id='word_1_123' title='bbox 125 1535 201 1595; x_wconf 86' lang='lat' dir='ltr'>sonti</span> <span class='ocrx_word' id='word_1_124' title='bbox 225 1544 325 1596; x_wconf 91' lang='lat' dir='ltr'>utrum</span> <span class='ocrx_word' id='word_1_125' title='bbox 342 1536 368 1595; x_wconf 88' lang='lat' dir='ltr'>ei</span> <span class='ocrx_word' id='word_1_126' title='bbox 383 1535 558 1595; x_wconf 85' lang='lat' dir='ltr'>laboriosius</span> <span class='ocrx_word' id='word_1_127' title='bbox 574 1554 610 1595; x_wconf 92' lang='lat' dir='ltr'>an</span> <span class='ocrx_word' id='word_1_128' title='bbox 629 1535 786 1613; x_wconf 82' lang='lat' dir='ltr'>gloriosius</span> <span class='ocrx_word' id='word_1_129' title='bbox 807 1534 912 1608; x_wconf 86' lang='lat' dir='ltr'>luerit,</span> <span class='ocrx_word' id='word_1_130' title='bbox 936 1532 1056 1593; x_wconf 88' lang='lat' dir='ltr'>difficile</span> <span class='ocrx_word' id='word_1_131' title='bbox 1073 1541 1122 1593; x_wconf 88' lang='lat' dir='ltr'>est</span> <span class='ocrx_word' id='word_1_132' title='bbox 1138 1532 1209 1593; x_wconf 93' lang='lat' dir='ltr'>iudi-</span> 
     </span>
     <span class='ocr_line' id='line_1_17' title="bbox 39 1619 1209 1698; baseline -0.002 -18"><span class='ocrx_word' id='word_1_133' title='bbox 39 1660 48 1679; x_wconf 66' lang='lat'><strong>.</strong></span> <span class='ocrx_word' id='word_1_134' title='bbox 127 1638 208 1693; x_wconf 87' lang='lat' dir='ltr'>care,</span> <span class='ocrx_word' id='word_1_135' title='bbox 226 1620 305 1698; x_wconf 90' lang='lat' dir='ltr'>quod</span> <span class='ocrx_word' id='word_1_136' title='bbox 328 1619 359 1680; x_wconf 92' lang='lat' dir='ltr'>in</span> <span class='ocrx_word' id='word_1_137' title='bbox 383 1638 487 1681; x_wconf 89' lang='lat' dir='ltr'>eorum</span> <span class='ocrx_word' id='word_1_138' title='bbox 508 1619 650 1698; x_wconf 92' lang='lat' dir='ltr'>periculis</span> <span class='ocrx_word' id='word_1_139' title='bbox 673 1639 735 1679; x_wconf 92' lang='lat' dir='ltr'>non</span> <span class='ocrx_word' id='word_1_140' title='bbox 758 1637 844 1679; x_wconf 89' lang='lat' dir='ltr'>secus</span> <span class='ocrx_word' id='word_1_141' title='bbox 866 1619 1001 1680; x_wconf 86' lang='lat' dir='ltr'>absentes</span> <span class='ocrx_word' id='word_1_142' title='bbox 1023 1636 1114 1695; x_wconf 89' lang='lat' dir='ltr'>quam</span> <span class='ocrx_word' id='word_1_143' title='bbox 1129 1637 1209 1696; x_wconf 90' lang='lat' dir='ltr'>prac-</span> 
     </span>
     <span class='ocr_line' id='line_1_18' title="bbox 126 1704 881 1783; baseline -0.004 -18"><span class='ocrx_word' id='word_1_144' title='bbox 126 1712 225 1766; x_wconf 86' lang='lat' dir='ltr'>sentes</span> <span class='ocrx_word' id='word_1_145' title='bbox 240 1705 351 1765; x_wconf 89' lang='lat' dir='ltr'>amicos</span> <span class='ocrx_word' id='word_1_146' title='bbox 366 1705 463 1766; x_wconf 80' lang='lat' dir='ltr'>httioo</span> <span class='ocrx_word' id='word_1_147' title='bbox 479 1723 543 1766; x_wconf 89' lang='lat' dir='ltr'>esse</span> <span class='ocrx_word' id='word_1_148' title='bbox 559 1722 646 1765; x_wconf 88' lang='lat' dir='ltr'>curae</span> <span class='ocrx_word' id='word_1_149' title='bbox 662 1704 812 1783; x_wconf 82' lang='lat' dir='ltr'>cognitum</span> <span class='ocrx_word' id='word_1_150' title='bbox 828 1712 881 1764; x_wconf 90' lang='lat' dir='ltr'>est.</span> 
     </span>
    </p>
   </div>
   <div class='ocr_carea' id='block_1_3' title="bbox 129 1924 1218 3006">
    <p class='ocr_par' dir='ltr' id='par_1_3' title="bbox 129 1924 1213 2108">
     <span class='ocr_line' id='line_1_19' title="bbox 141 1924 1213 2067; baseline 0 -28"><span class='ocrx_word' id='word_1_151' title='bbox 141 2057 146 2067; x_wconf 32' lang='lat'>¹</span> <span class='ocrx_word' id='word_1_152' title='bbox 199 1937 239 2039; x_wconf 47' lang='lat' dir='ltr'>ab?</span> <span class='ocrx_word' id='word_1_153' title='bbox 252 1924 428 2055; x_wconf 36' lang='lat' dir='ltr'>{sibilantis</span> <span class='ocrx_word' id='word_1_154' title='bbox 447 1993 497 2041; x_wconf 87' lang='lat' dir='ltr'>‘wo</span> <span class='ocrx_word' id='word_1_155' title='bbox 516 2005 543 2041; x_wconf 88' lang='lat' dir='ltr'>es</span> <span class='ocrx_word' id='word_1_156' title='bbox 562 1991 616 2057; x_wconf 81' lang='lat' dir='ltr'>galt</span> <span class='ocrx_word' id='word_1_157' title='bbox 633 1989 712 2042; x_wconf 89' lang='lat' dir='ltr'>durch</span> <span class='ocrx_word' id='word_1_158' title='bbox 737 1990 822 2041; x_wconf 90' lang='lat' dir='ltr'>Bitten</span> <span class='ocrx_word' id='word_1_159' title='bbox 853 1986 1047 2049; x_wconf 87' lang='lat' dir='ltr'>abzuwenden&#39;,</span> <span class='ocrx_word' id='word_1_160' title='bbox 1073 1988 1213 2055; x_wconf 79' lang='lat' dir='ltr'>cigentlich</span> 
     </span>
     <span class='ocr_line' id='line_1_20' title="bbox 129 2056 509 2108; baseline 0.003 -2"><span class='ocrx_word' id='word_1_161' title='bbox 129 2056 228 2108; x_wconf 77' lang='lat' dir='ltr'>‘tndem</span> <span class='ocrx_word' id='word_1_162' title='bbox 246 2072 274 2108; x_wconf 89' lang='lat' dir='ltr'>er</span> <span class='ocrx_word' id='word_1_163' title='bbox 290 2087 324 2094; x_wconf 94' lang='lat'>—</span> <span class='ocrx_word' id='word_1_164' title='bbox 343 2057 509 2107; x_wconf 85' lang='lat' dir='ltr'>abwendete&#39;.</span> 
     </span>
    </p>

    <p class='ocr_par' dir='ltr' id='par_1_4' title="bbox 131 2122 1212 2254">
     <span class='ocr_line' id='line_1_21' title="bbox 200 2122 1212 2191; baseline 0 -15"><span class='ocrx_word' id='word_1_165' title='bbox 200 2128 223 2176; x_wconf 86' lang='grc'>3.</span> <span class='ocrx_word' id='word_1_166' title='bbox 242 2125 289 2173; x_wconf 81' lang='lat' dir='ltr'>sub</span> <span class='ocrx_word' id='word_1_167' title='bbox 308 2128 368 2189; x_wconf 79' lang='lat' dir='ltr'>ipsa</span> <span class='ocrx_word' id='word_1_168' title='bbox 385 2123 472 2189; x_wconf 78' lang='lat' dir='ltr'>‘grado</span> <span class='ocrx_word' id='word_1_169' title='bbox 490 2122 628 2189; x_wconf 70' lang='lat' dir='ltr'>wahrend&#39;,</span> <span class='ocrx_word' id='word_1_170' title='bbox 648 2127 679 2176; x_wconf 83' lang='grc'>43</span> <span class='ocrx_word' id='word_1_171' title='bbox 698 2140 723 2174; x_wconf 89' lang='lat' dir='ltr'>v.</span> <span class='ocrx_word' id='word_1_172' title='bbox 742 2124 786 2175; x_wconf 83' lang='lat' dir='ltr'>Ch.</span> <span class='ocrx_word' id='word_1_173' title='bbox 804 2151 839 2161; x_wconf 89' lang='lat'><em>-</em></span> <span class='ocrx_word' id='word_1_174' title='bbox 856 2122 1011 2188; x_wconf 77' lang='lat' dir='ltr'>perillustre</span> <span class='ocrx_word' id='word_1_175' title='bbox 1029 2123 1088 2184; x_wconf 77' lang='lat' dir='ltr'>suit</span> <span class='ocrx_word' id='word_1_176' title='bbox 1106 2125 1212 2191; x_wconf 86' lang='lat' dir='ltr'>wieEp.</span> 
     </span>
     <span class='ocr_line' id='line_1_22' title="bbox 131 2190 531 2254; baseline 0.003 -12"><span class='ocrx_word' id='word_1_177' title='bbox 131 2195 155 2254; x_wconf 80' lang='lat'>7,</span> <span class='ocrx_word' id='word_1_178' title='bbox 175 2195 189 2244; x_wconf 84' lang='lat'><strong>3</strong></span> <span class='ocrx_word' id='word_1_179' title='bbox 208 2194 326 2241; x_wconf 64' lang='lat' dir='ltr'>mamma</span> <span class='ocrx_word' id='word_1_180' title='bbox 344 2190 401 2252; x_wconf 79' lang='lat' dir='ltr'>fuit</span> <span class='ocrx_word' id='word_1_181' title='bbox 417 2193 531 2243; x_wconf 82' lang='lat' dir='ltr'>illustre.</span> 
     </span>
    </p>

    <p class='ocr_par' dir='ltr' id='par_1_5' title="bbox 131 2258 1216 2394">
     <span class='ocr_line' id='line_1_23' title="bbox 199 2258 1216 2324; baseline 0.002 -14"><span class='ocrx_word' id='word_1_182' title='bbox 199 2262 243 2310; x_wconf 81' lang='lat' dir='ltr'>sut</span> <span class='ocrx_word' id='word_1_183' title='bbox 267 2259 307 2310; x_wconf 85' lang='lat' dir='ltr'>sdr</span> <span class='ocrx_word' id='word_1_184' title='bbox 331 2262 387 2311; x_wconf 81' lang='lat' dir='ltr'>etus</span> <span class='ocrx_word' id='word_1_185' title='bbox 413 2260 464 2312; x_wconf 85' lang='lat' dir='ltr'>wie</span> <span class='ocrx_word' id='word_1_186' title='bbox 490 2259 552 2311; x_wconf 83' lang='lat' dir='ltr'>lllilt.</span> <span class='ocrx_word' id='word_1_187' title='bbox 574 2264 605 2323; x_wconf 85' lang='lat'>1,</span> <span class='ocrx_word' id='word_1_188' title='bbox 632 2261 660 2322; x_wconf 88' lang='lat'>1,</span> <span class='ocrx_word' id='word_1_189' title='bbox 685 2259 745 2310; x_wconf 87' lang='lat' dir='ltr'>weil</span> <span class='ocrx_word' id='word_1_190' title='bbox 764 2260 850 2309; x_wconf 83' lang='lat' dir='ltr'>Attici</span> <span class='ocrx_word' id='word_1_191' title='bbox 868 2258 957 2310; x_wconf 82' lang='lat' dir='ltr'>tatere</span> <span class='ocrx_word' id='word_1_192' title='bbox 975 2264 1058 2324; x_wconf 77' lang='lat' dir='ltr'>atque</span> <span class='ocrx_word' id='word_1_193' title='bbox 1077 2261 1216 2319; x_wconf 73' lang='lat' dir='ltr'>industria</span> 
     </span>
     <span class='ocr_line' id='line_1_24' title="bbox 131 2325 955 2394; baseline -0.004 -15"><span class='ocrx_word' id='word_1_194' title='bbox 131 2328 234 2389; x_wconf 78' lang='lat' dir='ltr'>factum</span> <span class='ocrx_word' id='word_1_195' title='bbox 253 2333 292 2378; x_wconf 82' lang='lat' dir='ltr'>eat</span> <span class='ocrx_word' id='word_1_196' title='bbox 308 2353 343 2373; x_wconf 89' lang='lat'>=</span> <span class='ocrx_word' id='word_1_197' title='bbox 359 2329 461 2381; x_wconf 85' lang='lat' dir='ltr'>Atticus</span> <span class='ocrx_word' id='word_1_198' title='bbox 479 2329 566 2380; x_wconf 85' lang='lat' dir='ltr'>labore</span> <span class='ocrx_word' id='word_1_199' title='bbox 584 2332 662 2394; x_wconf 90' lang='lat' dir='ltr'>atque</span> <span class='ocrx_word' id='word_1_200' title='bbox 680 2327 804 2378; x_wconf 87' lang='lat' dir='ltr'>industria</span> <span class='ocrx_word' id='word_1_201' title='bbox 823 2341 868 2378; x_wconf 91' lang='lat' dir='ltr'>sua</span> <span class='ocrx_word' id='word_1_202' title='bbox 887 2325 955 2377; x_wconf 85' lang='lat' dir='ltr'>lecit.</span> 
     </span>
    </p>

    <p class='ocr_par' dir='ltr' id='par_1_6' title="bbox 131 2392 1215 2585">
     <span class='ocr_line' id='line_1_25' title="bbox 201 2392 1214 2463; baseline 0 -16"><span class='ocrx_word' id='word_1_203' title='bbox 201 2397 393 2449; x_wconf 74' lang='lat' dir='ltr'>consuetudine</span> <span class='ocrx_word' id='word_1_204' title='bbox 419 2415 466 2462; x_wconf 87' lang='lat' dir='ltr'>ea,</span> <span class='ocrx_word' id='word_1_205' title='bbox 494 2413 547 2463; x_wconf 83' lang='lat' dir='ltr'>qua</span> <span class='ocrx_word' id='word_1_206' title='bbox 576 2402 631 2446; x_wconf 87' lang='lat' dir='ltr'>tum</span> <span class='ocrx_word' id='word_1_207' title='bbox 658 2413 700 2446; x_wconf 82' lang='lat' dir='ltr'>ree</span> <span class='ocrx_word' id='word_1_208' title='bbox 724 2396 905 2460; x_wconf 80' lang='lat' dir='ltr'>gerebantur,</span> <span class='ocrx_word' id='word_1_209' title='bbox 931 2392 1018 2446; x_wconf 88' lang='lat' dir='ltr'>indcm</span> <span class='ocrx_word' id='word_1_210' title='bbox 1042 2394 1120 2447; x_wconf 85' lang='lat' dir='ltr'>Vielc</span> <span class='ocrx_word' id='word_1_211' title='bbox 1147 2396 1214 2447; x_wconf 84' lang='lat' dir='ltr'>bloss</span> 
     </span>
     <span class='ocr_line' id='line_1_26' title="bbox 131 2462 1215 2583; baseline -0.001 -67"><span class='ocrx_word' id='word_1_212' title='bbox 131 2478 223 2582; x_wconf 65' lang='lat' dir='ltr'>pppen</span> <span class='ocrx_word' id='word_1_213' title='bbox 250 2463 319 2583; x_wconf 75' lang='lat' dir='ltr'>ihreds</span> <span class='ocrx_word' id='word_1_214' title='bbox 345 2465 512 2519; x_wconf 87' lang='lat' dir='ltr'>Reichthums</span> <span class='ocrx_word' id='word_1_215' title='bbox 539 2464 706 2531; x_wconf 86' lang='lat' dir='ltr'>proscribiert</span> <span class='ocrx_word' id='word_1_216' title='bbox 729 2463 844 2516; x_wconf 88' lang='lat' dir='ltr'>wurden.</span> <span class='ocrx_word' id='word_1_217' title='bbox 879 2462 929 2513; x_wconf 80' lang='lat' dir='ltr'>lies</span> <span class='ocrx_word' id='word_1_218' title='bbox 955 2464 1128 2527; x_wconf 82' lang='lat' dir='ltr'>gerebantur</span> <span class='ocrx_word' id='word_1_219' title='bbox 1153 2465 1215 2515; x_wconf 85' lang='lat' dir='ltr'>‘rer-</span> 
     </span>
     <span class='ocr_line' id='line_1_27' title="bbox 144 2534 347 2585; baseline 0 -3"><span class='ocrx_word' id='word_1_220' title='bbox 144 2545 222 2583; x_wconf 86' lang='lat' dir='ltr'>aren</span> <span class='ocrx_word' id='word_1_221' title='bbox 241 2548 297 2583; x_wconf 88' lang='lat' dir='ltr'>wur</span> <span class='ocrx_word' id='word_1_222' title='bbox 316 2534 347 2585; x_wconf 89' lang='lat' dir='ltr'>e’.</span> 
     </span>
    </p>

    <p class='ocr_par' dir='ltr' id='par_1_7' title="bbox 131 2597 1218 2922">
     <span class='ocr_line' id='line_1_28' title="bbox 200 2597 1217 2666; baseline -0.002 -15"><span class='ocrx_word' id='word_1_223' title='bbox 200 2603 224 2652; x_wconf 82' lang='lat'>4.</span> <span class='ocrx_word' id='word_1_224' title='bbox 244 2601 317 2650; x_wconf 87' lang='lat' dir='ltr'>Idem</span> <span class='ocrx_word' id='word_1_225' title='bbox 335 2602 367 2654; x_wconf 88' lang='lat' dir='ltr'>L.</span> <span class='ocrx_word' id='word_1_226' title='bbox 386 2601 487 2651; x_wconf 85' lang='lat' dir='ltr'>lulium</span> <span class='ocrx_word' id='word_1_227' title='bbox 507 2599 637 2651; x_wconf 79' lang='lat' dir='ltr'>Calidum.</span> <span class='ocrx_word' id='word_1_228' title='bbox 673 2600 760 2666; x_wconf 90' lang='lat' dir='ltr'>Nepos</span> <span class='ocrx_word' id='word_1_229' title='bbox 778 2600 823 2650; x_wconf 92' lang='lat' dir='ltr'>hat</span> <span class='ocrx_word' id='word_1_230' title='bbox 841 2599 927 2665; x_wconf 66' lang='lat' dir='ltr'>spinter</span> <span class='ocrx_word' id='word_1_231' title='bbox 945 2597 1083 2665; x_wconf 81' lang='lat' dir='ltr'>geglaubt,</span> <span class='ocrx_word' id='word_1_232' title='bbox 1104 2599 1167 2652; x_wconf 88' lang='lat' dir='ltr'>dass</span> <span class='ocrx_word' id='word_1_233' title='bbox 1192 2615 1217 2650; x_wconf 84' lang='lat' dir='ltr'>cr</span> 
     </span>
     <span class='ocr_line' id='line_1_29' title="bbox 132 2665 1218 2735; baseline -0.002 -17"><span class='ocrx_word' id='word_1_234' title='bbox 132 2683 163 2719; x_wconf 89' lang='lat' dir='ltr'>zu</span> <span class='ocrx_word' id='word_1_235' title='bbox 182 2667 270 2720; x_wconf 86' lang='lat' dir='ltr'>diesen</span> <span class='ocrx_word' id='word_1_236' title='bbox 289 2669 396 2721; x_wconf 87' lang='lat' dir='ltr'>Worten</span> <span class='ocrx_word' id='word_1_237' title='bbox 415 2668 495 2721; x_wconf 86' lang='lat' dir='ltr'>sehon</span> <span class='ocrx_word' id='word_1_238' title='bbox 515 2669 556 2719; x_wconf 86' lang='lat' dir='ltr'>ein</span> <span class='ocrx_word' id='word_1_239' title='bbox 575 2668 687 2720; x_wconf 84' lang='lat' dir='ltr'>Verbum</span> <span class='ocrx_word' id='word_1_240' title='bbox 706 2671 805 2734; x_wconf 79' lang='lat' dir='ltr'>gesetzt</span> <span class='ocrx_word' id='word_1_241' title='bbox 822 2665 897 2732; x_wconf 85' lang='lat' dir='ltr'>habe,</span> <span class='ocrx_word' id='word_1_242' title='bbox 916 2666 967 2717; x_wconf 92' lang='lat' dir='ltr'>und</span> <span class='ocrx_word' id='word_1_243' title='bbox 987 2666 1028 2718; x_wconf 88' lang='lat' dir='ltr'>die</span> <span class='ocrx_word' id='word_1_244' title='bbox 1046 2665 1142 2720; x_wconf 86' lang='lat' dir='ltr'>Worte</span> <span class='ocrx_word' id='word_1_245' title='bbox 1158 2673 1218 2735; x_wconf 81' lang='lat' dir='ltr'>post</span> 
     </span>
     <span class='ocr_line' id='line_1_30' title="bbox 131 2733 1215 2802; baseline 0 -16"><span class='ocrx_word' id='word_1_246' title='bbox 131 2737 545 2802; x_wconf 75' lang='lat' dir='ltr'>proscriptionem-eapedicit</span> <span class='ocrx_word' id='word_1_247' title='bbox 570 2736 616 2787; x_wconf 88' lang='lat' dir='ltr'>mit</span> <span class='ocrx_word' id='word_1_248' title='bbox 643 2736 700 2788; x_wconf 87' lang='lat' dir='ltr'>dem</span> <span class='ocrx_word' id='word_1_249' title='bbox 727 2735 830 2787; x_wconf 86' lang='lat' dir='ltr'>Relativ</span> <span class='ocrx_word' id='word_1_250' title='bbox 857 2735 988 2801; x_wconf 79' lang='lat' dir='ltr'>angefdgl.</span> <span class='ocrx_word' id='word_1_251' title='bbox 1028 2733 1086 2784; x_wconf 88' lang='lat' dir='ltr'>Wir</span> <span class='ocrx_word' id='word_1_252' title='bbox 1113 2735 1215 2788; x_wconf 77' lang='lat' dir='ltr'>konnen</span> 
     </span>
     <span class='ocr_line' id='line_1_31' title="bbox 133 2802 1217 2869; baseline 0.003 -16"><span class='ocrx_word' id='word_1_253' title='bbox 133 2802 202 2854; x_wconf 87' lang='lat' dir='ltr'>diese</span> <span class='ocrx_word' id='word_1_254' title='bbox 228 2803 435 2869; x_wconf 76' lang='lat' dir='ltr'>Naehl&#39;aissigheit</span> <span class='ocrx_word' id='word_1_255' title='bbox 462 2803 637 2864; x_wconf 84' lang='lat' dir='ltr'>nachahmen‚</span> <span class='ocrx_word' id='word_1_256' title='bbox 662 2818 738 2854; x_wconf 84' lang='lat' dir='ltr'>wenn</span> <span class='ocrx_word' id='word_1_257' title='bbox 766 2804 900 2856; x_wconf 82' lang='lat' dir='ltr'>uiridem</span> <span class='ocrx_word' id='word_1_258' title='bbox 927 2803 973 2855; x_wconf 92' lang='lat' dir='ltr'>mit</span> <span class='ocrx_word' id='word_1_259' title='bbox 999 2802 1115 2856; x_wconf 87' lang='lat' dir='ltr'>‘cbeuso&#39;</span> <span class='ocrx_word' id='word_1_260' title='bbox 1144 2804 1217 2856; x_wconf 77' lang='lat' dir='ltr'>fiber·</span> 
     </span>
     <span class='ocr_line' id='line_1_32' title="bbox 134 2873 230 2922; baseline 0 0"><span class='ocrx_word' id='word_1_261' title='bbox 134 2873 230 2922; x_wconf 87' lang='lat' dir='ltr'>selzen.</span> 
     </span>
    </p>

    <p class='ocr_par' dir='ltr' id='par_1_8' title="bbox 203 2935 1217 3006">
     <span class='ocr_line' id='line_1_33' title="bbox 203 2935 1217 3006; baseline 0.004 -20"><span class='ocrx_word' id='word_1_262' title='bbox 203 2935 346 2989; x_wconf 78' lang='lat' dir='ltr'>Lucretius</span> <span class='ocrx_word' id='word_1_263' title='bbox 364 2937 463 2990; x_wconf 88' lang='lat' dir='ltr'>schu&#39;eb</span> <span class='ocrx_word' id='word_1_264' title='bbox 482 2938 522 2990; x_wconf 87' lang='lat' dir='ltr'>eiu</span> <span class='ocrx_word' id='word_1_265' title='bbox 540 2937 710 3006; x_wconf 82' lang='lat' dir='ltr'>Lehrgedioht</span> <span class='ocrx_word' id='word_1_266' title='bbox 730 2938 761 2988; x_wconf 90' lang='lat' dir='ltr'>de</span> <span class='ocrx_word' id='word_1_267' title='bbox 779 2955 871 2990; x_wconf 85' lang='lat' dir='ltr'>rerum</span> <span class='ocrx_word' id='word_1_268' title='bbox 897 2944 998 2989; x_wconf 86' lang='lat' dir='ltr'>natura</span> <span class='ocrx_word' id='word_1_269' title='bbox 1004 2956 1016 3001; x_wconf 88' lang='lat'><em>;</em></span> <span class='ocrx_word' id='word_1_270' title='bbox 1040 2939 1128 2991; x_wconf 87' lang='lat' dir='ltr'>Catull</span> <span class='ocrx_word' id='word_1_271' title='bbox 1152 2940 1217 2992; x_wconf 80' lang='lat' dir='ltr'>viole</span> 
     </span>
    </p>
   </div>
   <div class='ocr_carea' id='block_1_4' title="bbox 133 3004 1220 3883">
    <p class='ocr_par' dir='ltr' id='par_1_9' title="bbox 133 3004 1218 3126">
     <span class='ocr_line' id='line_1_34' title="bbox 133 3004 1218 3125; baseline 0.002 -68"><span class='ocrx_word' id='word_1_272' title='bbox 133 3005 262 3125; x_wconf 46' lang='lat' dir='ltr'>palpare,</span> <span class='ocrx_word' id='word_1_273' title='bbox 289 3005 365 3058; x_wconf 88' lang='lat' dir='ltr'>meist</span> <span class='ocrx_word' id='word_1_274' title='bbox 383 3004 475 3074; x_wconf 91' lang='lat' dir='ltr'>Spott-</span> <span class='ocrx_word' id='word_1_275' title='bbox 504 3007 556 3058; x_wconf 93' lang='lat' dir='ltr'>und</span> <span class='ocrx_word' id='word_1_276' title='bbox 580 3005 799 3075; x_wconf 79' lang='lat' dir='ltr'>Liebesgedichte.</span> <span class='ocrx_word' id='word_1_277' title='bbox 832 3006 925 3058; x_wconf 87' lang='lat' dir='ltr'>Beider</span> <span class='ocrx_word' id='word_1_278' title='bbox 948 3005 1073 3059; x_wconf 85' lang='lat' dir='ltr'>Gedichte</span> <span class='ocrx_word' id='word_1_279' title='bbox 1095 3008 1157 3060; x_wconf 89' lang='lat' dir='ltr'>sind</span> <span class='ocrx_word' id='word_1_280' title='bbox 1182 3023 1218 3061; x_wconf 84' lang='lat' dir='ltr'>er·</span> 
     </span>
     <span class='ocr_line' id='line_1_35' title="bbox 153 3089 230 3126; baseline 0.013 -1"><span class='ocrx_word' id='word_1_281' title='bbox 153 3089 166 3125; x_wconf 92' lang='lat' dir='ltr'>a</span> <span class='ocrx_word' id='word_1_282' title='bbox 191 3089 230 3126; x_wconf 84' lang='lat' dir='ltr'>en.</span> 
     </span>
    </p>

    <p class='ocr_par' dir='ltr' id='par_1_10' title="bbox 134 3140 1218 3411">
     <span class='ocr_line' id='line_1_36' title="bbox 203 3140 1218 3209; baseline 0.001 -16"><span class='ocrx_word' id='word_1_283' title='bbox 203 3146 277 3193; x_wconf 72' lang='lat' dir='ltr'>aetas</span> <span class='ocrx_word' id='word_1_284' title='bbox 301 3141 357 3202; x_wconf 79' lang='lat' dir='ltr'>fert</span> <span class='ocrx_word' id='word_1_285' title='bbox 379 3143 495 3208; x_wconf 83' lang='lat' dir='ltr'>aliquem</span> <span class='ocrx_word' id='word_1_286' title='bbox 517 3145 626 3208; x_wconf 77' lang='lat' dir='ltr'>poetam</span> <span class='ocrx_word' id='word_1_287' title='bbox 651 3140 701 3193; x_wconf 88' lang='lat' dir='ltr'>‘dic</span> <span class='ocrx_word' id='word_1_288' title='bbox 725 3142 781 3193; x_wconf 89' lang='lat' dir='ltr'>Zcit</span> <span class='ocrx_word' id='word_1_289' title='bbox 804 3141 892 3209; x_wconf 81' lang='lat' dir='ltr'>bringt</span> <span class='ocrx_word' id='word_1_290' title='bbox 915 3143 941 3192; x_wconf 93' lang='lat' dir='ltr'>in</span> <span class='ocrx_word' id='word_1_291' title='bbox 962 3141 1115 3195; x_wconf 87' lang='lat' dir='ltr'>lemandem</span> <span class='ocrx_word' id='word_1_292' title='bbox 1145 3145 1218 3196; x_wconf 82' lang='lat' dir='ltr'>einen</span> 
     </span>
     <span class='ocr_line' id='line_1_37' title="bbox 134 3208 1218 3279; baseline 0.002 -19"><span class='ocrx_word' id='word_1_293' title='bbox 134 3208 237 3261; x_wconf 88' lang='lat' dir='ltr'>Dichter</span> <span class='ocrx_word' id='word_1_294' title='bbox 262 3208 377 3274; x_wconf 63' lang='lat' dir='ltr'>hervet,</span> <span class='ocrx_word' id='word_1_295' title='bbox 404 3210 541 3277; x_wconf 81' lang='lat' dir='ltr'>cigentlich</span> <span class='ocrx_word' id='word_1_296' title='bbox 566 3210 715 3262; x_wconf 78' lang='lat' dir='ltr'>‘demanden</span> <span class='ocrx_word' id='word_1_297' title='bbox 733 3210 787 3260; x_wconf 90' lang='lat' dir='ltr'>als&#39;.</span> <span class='ocrx_word' id='word_1_298' title='bbox 824 3211 887 3260; x_wconf 79' lang='lat' dir='ltr'>Post</span> <span class='ocrx_word' id='word_1_299' title='bbox 912 3209 1036 3260; x_wconf 83' lang='lat' dir='ltr'>Lucretii</span> <span class='ocrx_word' id='word_1_300' title='bbox 1064 3211 1218 3279; x_wconf 79' lang='lat' dir='ltr'>Catullique</span> 
     </span>
     <span class='ocr_line' id='line_1_38' title="bbox 135 3277 1218 3396; baseline 0.004 -69"><span class='ocrx_word' id='word_1_301' title='bbox 135 3283 246 3396; x_wconf 47' lang='lat' dir='ltr'>partem</span> <span class='ocrx_word' id='word_1_302' title='bbox 264 3277 362 3396; x_wconf 73' lang='lat' dir='ltr'>2gehdrl</span> <span class='ocrx_word' id='word_1_303' title='bbox 386 3294 434 3329; x_wconf 90' lang='lat' dir='ltr'>nur</span> <span class='ocrx_word' id='word_1_304' title='bbox 462 3295 493 3330; x_wconf 89' lang='lat' dir='ltr'>zu</span> <span class='ocrx_word' id='word_1_305' title='bbox 520 3280 604 3330; x_wconf 87' lang='lat' dir='ltr'>multo</span> <span class='ocrx_word' id='word_1_306' title='bbox 634 3280 861 3344; x_wconf 74' lang='lat' dir='ltr'>elegantissimum</span> <span class='ocrx_word' id='word_1_307' title='bbox 886 3283 1001 3344; x_wconf 70' lang='lat' dir='ltr'>pettam.</span> <span class='ocrx_word' id='word_1_308' title='bbox 1021 3307 1056 3317; x_wconf 92' lang='lat'>-—</span> <span class='ocrx_word' id='word_1_309' title='bbox 1075 3287 1151 3331; x_wconf 76' lang='lat' dir='ltr'>artes</span> <span class='ocrx_word' id='word_1_310' title='bbox 1169 3281 1218 3332; x_wconf 87' lang='lat' dir='ltr'>wie</span> 
     </span>
     <span class='ocr_line' id='line_1_39' title="bbox 158 3345 288 3411; baseline 0.008 -16"><span class='ocrx_word' id='word_1_311' title='bbox 158 3345 201 3396; x_wconf 91' lang='lat' dir='ltr'>ion</span> <span class='ocrx_word' id='word_1_312' title='bbox 222 3348 245 3411; x_wconf 91' lang='lat'>1,</span> <span class='ocrx_word' id='word_1_313' title='bbox 283 3385 288 3396; x_wconf 89' lang='lat'><strong>.</strong></span> 
     </span>
    </p>

    <p class='ocr_par' dir='ltr' id='par_1_11' title="bbox 136 3412 1220 3684">
     <span class='ocr_line' id='line_1_40' title="bbox 201 3412 1218 3480; baseline 0.006 -16"><span class='ocrx_word' id='word_1_314' title='bbox 201 3418 264 3479; x_wconf 79' lang='lat' dir='ltr'>port</span> <span class='ocrx_word' id='word_1_315' title='bbox 280 3417 506 3480; x_wconf 81' lang='lat' dir='ltr'>proscriptionem</span> <span class='ocrx_word' id='word_1_316' title='bbox 516 3417 642 3479; x_wconf 83' lang='lat' dir='ltr'>equitum,</span> <span class='ocrx_word' id='word_1_317' title='bbox 661 3414 685 3467; x_wconf 92' lang='lat' dir='ltr'>d.</span> <span class='ocrx_word' id='word_1_318' title='bbox 696 3415 721 3465; x_wconf 84' lang='lat' dir='ltr'>h.</span> <span class='ocrx_word' id='word_1_319' title='bbox 732 3413 936 3466; x_wconf 85' lang='lat' dir='ltr'>nachdemdiese</span> <span class='ocrx_word' id='word_1_320' title='bbox 954 3412 1034 3466; x_wconf 87' lang='lat' dir='ltr'>sehon</span> <span class='ocrx_word' id='word_1_321' title='bbox 1048 3414 1218 3480; x_wconf 79' lang='lat' dir='ltr'>geschlosscn</span> 
     </span>
     <span class='ocr_line' id='line_1_41' title="bbox 136 3480 1219 3550; baseline 0.006 -19"><span class='ocrx_word' id='word_1_322' title='bbox 136 3494 198 3547; x_wconf 85' lang='lat' dir='ltr'>war,</span> <span class='ocrx_word' id='word_1_323' title='bbox 222 3480 412 3549; x_wconf 81' lang='lat' dir='ltr'>nachtriaglich,</span> <span class='ocrx_word' id='word_1_324' title='bbox 439 3482 531 3550; x_wconf 77' lang='lat' dir='ltr'>gehdrt</span> <span class='ocrx_word' id='word_1_325' title='bbox 548 3498 579 3533; x_wconf 84' lang='lat' dir='ltr'>zu</span> <span class='ocrx_word' id='word_1_326' title='bbox 597 3483 720 3535; x_wconf 86' lang='lat' dir='ltr'>relatum.</span> <span class='ocrx_word' id='word_1_327' title='bbox 755 3481 801 3533; x_wconf 82' lang='lat' dir='ltr'>llio</span> <span class='ocrx_word' id='word_1_328' title='bbox 825 3481 907 3534; x_wconf 87' lang='lat' dir='ltr'>Ritter</span> <span class='ocrx_word' id='word_1_329' title='bbox 930 3496 1016 3534; x_wconf 88' lang='lat' dir='ltr'>waren</span> <span class='ocrx_word' id='word_1_330' title='bbox 1041 3480 1092 3534; x_wconf 89' lang='lat' dir='ltr'>den</span> <span class='ocrx_word' id='word_1_331' title='bbox 1118 3483 1219 3537; x_wconf 87' lang='lat' dir='ltr'>Trium-</span> 
     </span>
     <span class='ocr_line' id='line_1_42' title="bbox 136 3548 1220 3618; baseline 0.005 -19"><span class='ocrx_word' id='word_1_332' title='bbox 136 3548 192 3599; x_wconf 83' lang='lat' dir='ltr'>virn</span> <span class='ocrx_word' id='word_1_333' title='bbox 218 3549 358 3603; x_wconf 87' lang='lat' dir='ltr'>besonders</span> <span class='ocrx_word' id='word_1_334' title='bbox 385 3551 502 3604; x_wconf 88' lang='lat' dir='ltr'>verhasst</span> <span class='ocrx_word' id='word_1_335' title='bbox 530 3550 568 3602; x_wconf 85' lang='lat' dir='ltr'>als</span> <span class='ocrx_word' id='word_1_336' title='bbox 595 3550 684 3617; x_wconf 84' lang='lat' dir='ltr'>eitrige</span> <span class='ocrx_word' id='word_1_337' title='bbox 710 3550 893 3618; x_wconf 73' lang='lat' dir='ltr'>Parteigtingcr</span> <span class='ocrx_word' id='word_1_338' title='bbox 919 3550 964 3602; x_wconf 83' lang='lat' dir='ltr'>der</span> <span class='ocrx_word' id='word_1_339' title='bbox 989 3548 1092 3603; x_wconf 83' lang='lat' dir='ltr'>llldrder</span> <span class='ocrx_word' id='word_1_340' title='bbox 1119 3554 1220 3607; x_wconf 72' lang='lat' dir='ltr'>Gasars.</span> 
     </span>
     <span class='ocr_line' id='line_1_43' title="bbox 137 3615 846 3684; baseline 0.004 -17"><span class='ocrx_word' id='word_1_341' title='bbox 137 3615 162 3668; x_wconf 91' lang='lat' dir='ltr'>S.</span> <span class='ocrx_word' id='word_1_342' title='bbox 181 3632 213 3667; x_wconf 85' lang='lat' dir='ltr'>au</span> <span class='ocrx_word' id='word_1_343' title='bbox 232 3633 253 3669; x_wconf 89' lang='lat' dir='ltr'>c.</span> <span class='ocrx_word' id='word_1_344' title='bbox 273 3620 297 3684; x_wconf 87' lang='lat'>8,</span> <span class='ocrx_word' id='word_1_345' title='bbox 315 3621 389 3671; x_wconf 84' lang='grc'>3.-</span> <span class='ocrx_word' id='word_1_346' title='bbox 407 3620 435 3671; x_wconf 87' lang='lat' dir='ltr'>P.</span> <span class='ocrx_word' id='word_1_347' title='bbox 454 3619 608 3672; x_wconf 81' lang='lat' dir='ltr'>Volumnio.</span> <span class='ocrx_word' id='word_1_348' title='bbox 643 3619 668 3672; x_wconf 92' lang='lat' dir='ltr'>S.</span> <span class='ocrx_word' id='word_1_349' title='bbox 687 3634 719 3670; x_wconf 91' lang='lat' dir='ltr'>zu</span> <span class='ocrx_word' id='word_1_350' title='bbox 737 3634 759 3670; x_wconf 90' lang='lat' dir='ltr'>c.</span> <span class='ocrx_word' id='word_1_351' title='bbox 779 3621 804 3683; x_wconf 86' lang='grc'>9,</span> <span class='ocrx_word' id='word_1_352' title='bbox 822 3622 846 3671; x_wconf 88' lang='grc'>4.</span> 
     </span>
    </p>

    <p class='ocr_par' dir='ltr' id='par_1_12' title="bbox 136 3685 1220 3883">
     <span class='ocr_line' id='line_1_44' title="bbox 206 3685 1220 3752; baseline 0.005 -16"><span class='ocrx_word' id='word_1_353' title='bbox 206 3687 231 3736; x_wconf 81' lang='grc'>5.</span> <span class='ocrx_word' id='word_1_354' title='bbox 249 3687 277 3736; x_wconf 82' lang='lat' dir='ltr'>ia</span> <span class='ocrx_word' id='word_1_355' title='bbox 294 3692 433 3752; x_wconf 76' lang='lat' dir='ltr'>praesenti</span> <span class='ocrx_word' id='word_1_356' title='bbox 449 3690 480 3752; x_wconf 89' lang='lat' dir='ltr'>(s.</span> <span class='ocrx_word' id='word_1_357' title='bbox 499 3703 530 3739; x_wconf 86' lang='lat' dir='ltr'>zu</span> <span class='ocrx_word' id='word_1_358' title='bbox 548 3686 612 3739; x_wconf 88' lang='lat' dir='ltr'>Milt.</span> <span class='ocrx_word' id='word_1_359' title='bbox 632 3691 656 3751; x_wconf 81' lang='lat'>7,</span> <span class='ocrx_word' id='word_1_360' title='bbox 675 3690 709 3752; x_wconf 84' lang='lat'>6),</span> <span class='ocrx_word' id='word_1_361' title='bbox 727 3687 803 3738; x_wconf 80' lang='lat' dir='ltr'>n&#39;aml.</span> <span class='ocrx_word' id='word_1_362' title='bbox 814 3686 851 3739; x_wconf 91' lang='lat' dir='ltr'>als</span> <span class='ocrx_word' id='word_1_363' title='bbox 861 3701 888 3736; x_wconf 88' lang='lat' dir='ltr'>cr</span> <span class='ocrx_word' id='word_1_364' title='bbox 906 3685 959 3739; x_wconf 90' lang='lat' dir='ltr'>sich</span> <span class='ocrx_word' id='word_1_365' title='bbox 969 3686 1009 3738; x_wconf 81' lang='lat' dir='ltr'>sur</span> <span class='ocrx_word' id='word_1_366' title='bbox 1018 3687 1090 3740; x_wconf 88' lang='lat' dir='ltr'>scine</span> <span class='ocrx_word' id='word_1_367' title='bbox 1100 3688 1220 3742; x_wconf 78' lang='lat' dir='ltr'>Freunde</span> 
     </span>
     <span class='ocr_line' id='line_1_45' title="bbox 136 3753 1220 3883; baseline 0.006 -79"><span class='ocrx_word' id='word_1_368' title='bbox 136 3753 302 3883; x_wconf 71' lang='lat' dir='ltr'>penwaudte,</span> <span class='ocrx_word' id='word_1_369' title='bbox 329 3756 420 3822; x_wconf 80' lang='lat' dir='ltr'>gchdrt</span> <span class='ocrx_word' id='word_1_370' title='bbox 447 3757 542 3809; x_wconf 88' lang='lat' dir='ltr'>chenso</span> <span class='ocrx_word' id='word_1_371' title='bbox 569 3756 620 3807; x_wconf 85' lang='lat' dir='ltr'>wie</span> <span class='ocrx_word' id='word_1_372' title='bbox 638 3755 717 3819; x_wconf 78' lang='lat' dir='ltr'>Quod</span> <span class='ocrx_word' id='word_1_373' title='bbox 743 3771 774 3807; x_wconf 87' lang='lat' dir='ltr'>zu</span> <span class='ocrx_word' id='word_1_374' title='bbox 804 3755 963 3806; x_wconf 80' lang='lat' dir='ltr'>labertoaz&#39;us</span> <span class='ocrx_word' id='word_1_375' title='bbox 988 3755 1040 3806; x_wconf 92' lang='lat' dir='ltr'>und</span> <span class='ocrx_word' id='word_1_376' title='bbox 1065 3755 1220 3821; x_wconf 64' lang='lat' dir='ltr'>gronorius</span> 
     </span>
     <span class='ocr_line' id='line_1_46' title="bbox 152 3825 229 3876; baseline 0.039 -3"><span class='ocrx_word' id='word_1_377' title='bbox 152 3825 229 3876; x_wconf 80' lang='lat' dir='ltr'>uerit.</span> 
     </span>
    </p>
   </div>
   <div class='ocr_carea' id='block_1_5' title="bbox 0 0 1313 4372">
    <p class='ocr_par' dir='ltr' id='par_1_13' title="bbox 0 0 1313 4372">
     <span class='ocr_line' id='line_1_47' title="bbox 0 0 1313 4372; baseline 0 0"><span class='ocrx_word' id='word_1_378' title='bbox 0 0 1313 4372; x_wconf 95' lang='lat' dir='ltr'> </span> 
     </span>
    </p>
   </div>
  </div>
 </body>
</html>
