2580 4372
443 193 532 245 'llllll
550 192 711 248 DATAMES.
732 198 753 248 1.
1105 193 1145 255 79

71 385 104 427 se
120 365 225 445 capitis
241 363 407 444 periculum
422 364 501 425 adire
517 382 604 442 quam
620 364 774 426 Timotheo
791 366 825 427 de
840 367 916 427 fama
932 367 1079 430 dimicanti
1095 371 1145 430 de·

70 469 147 512 esse.
169 449 257 511 Hunc
267 450 405 511 adversus
415 457 513 510 nmen
524 449 697 510 Timotheus
708 457 810 529 postea
821 452 925 530 populi
940 453 1023 514 iussu
1035 454 1144 515 bellum

70 536 172 614 gessit,
187 536 298 615 patriae
313 535 460 595 sanctiora
473 533 538 595 iura
554 553 642 613 quam
657 535 777 613 hospitii
792 555 856 597 esse
871 537 961 597 duxit.

156 619 235 681 llaec
250 629 379 680 extrema
399 620 457 680 luit
476 626 554 679 aetas
574 620 785 698 imperatorum
801 621 1042 695 Atheniensium,
1064 622 1176 702 lphi·4

70 705 169 780 cratis,
186 704 335 778 Chabriae,
351 703 515 778 Timothei3
532 722 629 782 neque
644 704 845 783 pastillorum
861 707 972 767 obitum
989 707 1144 785 quisquam

70 791 131 851 dux
153 790 183 850 in
207 790 255 850 illa
269 788 343 850 urbe
364 789 421 848 luit
443 789 552 865 dignus
574 790 723 850 memoria.
769 790 861 851 Venio
885 811 965 852 nunc
988 792 1023 851 ad
1044 792 1174 852 fortis-5

69 875 179 935 simum
192 874 287 935 virum
309 874 487 953 maximique
509 873 624 934 consilii
646 874 778 938 omnium
800 874 992 937 harbarorum
1015 878 1145 956 exceptis

70 959 188 1020 duobus
204 957 503 1036 Carthaginiensibus,
520 957 683 1019 Hamilcare
706 967 735 1020 et
749 958 923 1023 Hannibale.
954 961 996 1021 De
1012 980 1071 1040 quo
1087 963 1175 1022 hoco

69 1045 156 1124 plura
171 1043 310 1120 feremus,
326 1044 406 1121 quod
422 1050 451 1102 et
465 1042 636 1104 obscuriora
648 1051 718 1104 sunt
733 1045 798 1105 eius
809 1055 890 1124 gesta
904 1045 1045 1125 pleraque
1062 1054 1090 1106 et
1102 1066 1144 1121 ea,

70 1148 146 1207 qnae
160 1146 305 1207 prospere
321 1128 347 1188 ei
362 1135 525 1201 cesserunt,
542 1147 603 1188 non
614 1129 816 1206 magnitudine
829 1131 990 1209 copiarum,
1007 1131 1058 1191 sed
1073 1150 1145 1191 eon·

70 1213 144 1286 silli,
162 1222 298 1293 quotum
316 1231 418 1273 omnes
434 1213 608 1291 superabat,
631 1214 817 1289 acciderunt-3
841 1235 968 1294 quorum
990 1212 1048 1276 nisi
1071 1216 1147 1276 ratio

69 1298 213 1378 explicata
227 1299 326 1371 luerit,
342 1316 390 1358 res
405 1315 547 1376 apparere
563 1316 624 1358 non
638 1307 788 1376 poterunt.

447 1412 521 1465 Xllll.
557 1412 770 1465 DATAMES.

157 1483 310 1558 Darauus,
339 1491 422 1562 patre
446 1483 607 1559 Camisare,
630 1484 749 1544 natione
772 1483 860 1558 Care,
882 1491 974 1544 matre
997 1485 1145 1564 Scythissa

71 1576 169 1643 natus,
185 1568 316 1647 primum
331 1568 363 1628 in
378 1568 503 1628 militnm
519 1586 643 1627 numero
659 1568 715 1627 tuit
736 1568 814 1647 apud
829 1570 1009 1630 Artaxerxen
1030 1588 1144 1645 eorum,

70 1654 121 1731 qui
138 1653 249 1732 regiam
263 1653 432 1712 tuebantur.
455 1653 542 1712 Pater
556 1652 620 1713 eius
636 1652 806 1726 Camisares,
823 1655 902 1730 quod
918 1662 946 1714 et
960 1655 1145 1714 manufortis

70 1745 100 1800 et
114 1737 192 1798 bello
209 1744 349 1799 strenuus
365 1744 393 1796 et
407 1738 471 1815 regi
486 1736 588 1797 multis
602 1737 676 1797 locis
696 1735 790 1796 tidelis
806 1746 867 1797 erat
880 1745 1026 1816 repertus,
1042 1737 1146 1798 hahuit

69 1823 253 1902 provinciam
276 1830 389 1900 partem
413 1821 530 1882 Ciliciae
553 1821 632 1881 iuxta
655 1821 877 1901 Cappadociam,
901 1840 988 1901 quam
1010 1823 1145 1883 incolunt

69 1907 242 1986 Leucosyri.
279 1906 425 1981 Datames,
448 1906 573 1967 militare
594 1925 704 1967 munus
726 1907 864 1984 fungens,
887 1907 1025 1986 primum,
1049 1908 1174 1985 qualis2

139 2072 171 2122 da
188 2073 263 2133 fama
282 2071 426 2123 dimicanti
441 2073 482 2123 ‘da
501 2088 527 2124 er
544 2088 587 2122 um
612 2073 682 2124 scine
699 2072 764 2122 Ehre
788 2073 872 2126 stritt'.
908 2073 992 2126 burch
1016 2073 1056 2126 die
1084 2074 1144 2126 Ver·

68 2141 217 2205 urtheilung
244 2140 314 2191 bitte
341 2154 369 2190 er
390 2140 431 2190 die
459 2140 636 2207 biirgerlichen
658 2140 828 2193 Ehrenreehte
852 2143 978 2194 verloren.
999 2170 1033 2180 -
1057 2143 1144 2193 deesse

68 2209 149 2260 ‘nicht
165 2206 300 2260 beistehn'.
317 2235 351 2244 —
369 2209 446 2258 Hanc
464 2210 592 2258 adversus
610 2208 660 2259 wie
677 2209 753 2261 Paos.
772 2213 796 2272 4,
814 2213 831 2261 4
849 2210 919 2260 hanc
936 2213 1024 2261 iacta.

138 2279 163 2327 4.
181 2274 233 2326 lien
251 2274 365 2326 Phocion
384 2276 540 2342 wenigstens
558 2281 655 2327 musste
672 2275 759 2341 Nepos
778 2277 942 2342 ausnehmen,
960 2277 1051 2328 dassen
1059 2277 1143 2328 Leben

67 2359 96 2396 er
113 2342 194 2395 selbst
211 2347 290 2394 unten
307 2342 460 2395 beschreibt.
478 2373 512 2381 —
530 2347 724 2408 imperatorum
743 2344 943 2394 Atheniensium
960 2345 1144 2395 wieHah'car-

65 2415 185 2531 noctuam
205 2414 288 2461 ciuem
306 2409 395 2463 Them.
416 2414 438 2476 1,
456 2415 479 2463 2.
499 2440 532 2450 -
550 2411 695 2476 Iphicratis
713 2426 737 2461 u.
756 2426 776 2462 s.
796 2425 829 2462 w,
852 2410 902 2461 ‘die
920 2411 995 2477 (zuo
1013 2410 1058 2464 des
1075 2411 1143 2477 lphi-

64 2480 295 2532 mmmmm

138 2551 162 2600 5.
179 2549 344 2610 maximique
362 2546 476 2608 consilii,
494 2546 555 2597 ‘und
572 2545 709 2612 kldgsten‘,
728 2544 819 2612 gehdrt
836 2562 868 2596 zu
885 2550 981 2599 vinem.

139 2619 163 2667 6.
190 2613 264 2675 fam
289 2613 344 2664 hier
370 2613 517 2677 ‘erzdhlen’,
535 2614 585 2664 wie
609 2629 636 2665 es
655 2619 727 2665 sonst
744 2628 794 2664 von
812 2612 932 2666 Aelteren
958 2629 1005 2664 nur
1022 2615 1069 2665 mit
1087 2615 1143 2665 dem

65 2683 142 2735 Nom.
161 2680 214 2733 und
232 2682 292 2733 Ace.
311 2697 333 2732 c.
351 2679 396 2731 lnf.
414 2681 554 2747 gebraucht
571 2681 635 2732 wird
653 2680 752 2745 (fertem
770 2698 795 2733 u.
813 2682 923 2747 ferant).

136 2756 220 2814 gesta.
255 2749 347 2800 Besser
373 2765 415 2798 res
440 2756 538 2814 gestae.
582 2749 743 2800 Obscuriora
769 2749 893 2802 ‘ziemlich
920 2748 1083 2801 unbekannt.
1109 2779 1144 2787 —

69 2819 179 2870 consilii
195 2816 245 2867 wie
263 2816 280 2883 ς
298 2821 323 2869 5.
341 2845 375 2852 -
393 2821 464 2867 ratio
483 2816 573 2880 ‘Plan',
597 2817 692 2869 ‘innare
716 2817 956 2885 Zusammenhang’;
984 2835 1026 2868 ras
1051 2818 1144 2884 ‘Ereig-

67 2886 159 3005 nipseh
190 2900 323 2950 apparere
348 2883 468 2936 ‘deutlich
486 2884 607 2936 werden'.
643 2884 701 2935 blan
724 2885 792 2935 kann
816 2885 870 2936 ihre
893 2885 1045 2952 Bedeutung
1073 2886 1144 2937 nicht

65 2969 94 3006 er
113 2967 205 3005 ennea.
670 2995 671 2998 ,

519 3061 521 3064 .
544 3017 673 3069 planas.
1058 3070 1061 3075 ,

139 3085 165 3143 1.
185 3091 209 3139 1.
224 3092 430 3152 patre—natus
447 3084 500 3136 ‘der
517 3101 575 3136 zum
592 3085 671 3137 Vater
688 3084 774 3136 hatte'.
793 3112 826 3123 -
844 3088 954 3136 natione
974 3085 1040 3137 Care
1057 3088 1143 3138 ‘einen

67 3157 144 3208 Garer
161 3171 212 3206 von
231 3155 340 3205 Nation'.
358 3183 393 3192 -
410 3154 546 3219 Scythissa
564 3153 598 3204 ist
614 3153 778 3220 Eigenname.

137 3238 220 3274 manu
236 3221 377 3274 wiePaus.
398 3225 420 3286 1,
439 3223 462 3273 2.
513 3290 520 3315 ι
631 3290 636 3308 .
689 3288 694 3300 1
806 3289 811 3299 ¹
973 3289 978 3299 .

66 3288 1143 3422 manhhmzhlillililllllsllllllbhilillalhlll'lblbiblii

66 3429 145 3487 lasst;
164 3425 274 3492 unten§
293 3428 308 3477 2
326 3425 361 3476 ist
378 3441 405 3477 es
423 3429 490 3475 ‘zum
506 3427 592 3476 ersten
609 3422 677 3474 Mar.
942 3471 947 3480 ,

138 3496 307 3546 Artaacraacs
323 3493 358 3544 ist
374 3493 408 3543 irn
425 3492 543 3544 Datames
561 3491 659 3542 iiberall
675 3489 802 3543 Mnemon.
838 3489 864 3540 S.
888 3488 919 3540 de
943 3503 996 3556 reg.
1024 3493 1048 3554 1,
1066 3493 1090 3543 3.
1109 3520 1142 3530 -

67 3563 161 3615 maltis
180 3563 245 3614 locis
263 3561 312 3613 ‘bei
329 3561 414 3612 vielen
432 3559 646 3626 Celegenbeiten’.

138 3631 306 3696 Leucosyrer
318 3629 421 3693 (weisse
438 3627 524 3695 Syrer)
544 3627 645 3679 hiessen
662 3626 703 3677 die
721 3624 1072 3691 BewohnerCappadociens,
1090 3624 1142 3676 und

68 3697 227 3752 einen‘lheil
244 3695 442 3760 dieseshandes,
459 3695 529 3746 nicht
547 3694 674 3759 Ciliciens,
692 3692 764 3744 hatte
781 3692 991 3745 wabrscheinlich
1010 3692 1143 3745 derVater

68 3767 114 3818 des
132 3766 298 3887 {affligam
315 3847 412 3883 mantis
428 3830 545 3895 fungens
563 3830 598 3880 ‘in
615 3827 798 3897 kriegerischer
816 3826 978 3894 Thatigkeit‘.
1015 3829 1143 3892 angcns
