2580 4372
122 183 163 246 90
481 186 535 240 XV.
553 187 792 241 arumnorum.
812 192 837 244 2.

123 362 211 441 digna
233 368 334 436 erunt3
359 369 510 440 postremo
536 360 675 422 derebus
697 362 797 439 gestis,
823 381 898 441 qnae
913 381 929 424 a
944 362 1081 441 plurimis
1105 362 1199 425 animi

122 455 347 526 anteponuntur
358 445 525 508 virtutihus.

93 533 113 592 2
210 532 302 593 Natus
314 541 358 593 est
369 531 459 610 igitur
469 539 561 610 patre,
578 550 636 610 quo
653 531 791 606 diximus,
806 549 915 609 genere
929 532 1065 606 honesto,
1081 551 1200 613 pauper

128 617 185 678 iarn
200 636 216 677 a
230 617 391 678 maioribus
406 617 545 692 relictus,
563 616 696 678 eruditus
711 626 810 677 autem
826 617 869 678 sic
884 625 917 678 ut
932 635 1018 678 nemo
1035 617 1199 679 Thebanus

125 703 227 781 magis,
250 702 323 764 Nam
338 710 367 763 et
383 702 552 763 citharizare
565 710 594 762 et
604 710 722 763 cantare
737 703 772 762 ad
788 702 963 763 chordarum
973 721 1081 763 sonum
1092 704 1199 766 doctus

127 796 172 848 est
193 807 209 848 a
231 788 387 868 Dionysio,
417 788 468 866 qui
491 806 552 848 non
582 787 696 848 minore
718 787 774 848 suit
796 788 827 848 in
849 786 971 848 musicis
993 787 1086 867 gloria
1108 807 1199 867 quam

127 872 241 934 Damon
256 882 307 934 ant
320 873 474 953 Lamprus,
491 891 618 952 qnorum
634 874 803 952 pervulgata
825 882 896 933 sunt
917 873 1053 947 nomina;
1078 882 1199 936 cantare

95 957 206 1018 2tibiis
228 958 263 1019 ab
287 959 506 1038 Olympiodoro,
529 958 634 1019 saltare
657 957 886 1037 aCalliphrone.
931 958 969 1018 ht
989 957 1199 1038 philosophiae

124 1052 344 1123 praeceptorem
361 1042 463 1104 hahuit
476 1043 576 1123 Lysim
591 1042 795 1116 Tarentinum,
811 1042 1042 1122 Pythagoreum}
1065 1044 1115 1105 cui
1130 1045 1199 1123 qui-

125 1127 191 1190 dem
213 1129 255 1190 sic
276 1129 333 1189 fuit
351 1128 483 1205 deditus,
505 1136 539 1189 ut
560 1128 732 1189 adulescens
752 1128 867 1188 tristem
888 1147 922 1189 ac
944 1146 1079 1190 severum
1095 1148 1199 1191 senem

124 1215 263 1275 omnihus
285 1213 456 1293 aequalibus
483 1214 545 1274 suis
573 1213 604 1274 in
632 1214 825 1274 familiaritate
853 1214 1070 1293 anteposuerit,
1099 1233 1198 1294 neque

11 1316 22 1335 ·
125 1299 208 1378 prius
225 1318 292 1360 cum
307 1319 323 1359 a
338 1318 369 1360 se
385 1298 509 1373 dimisit,
532 1317 620 1377 quam
636 1298 667 1358 in
689 1298 831 1359 doctrinis
855 1307 936 1360 tanto
952 1299 1110 1361 antecessit
1124 1319 1199 1362 con·

126 1383 296 1463 discipulos,
315 1392 346 1444 ut
360 1384 444 1444 facile
459 1384 589 1462 intellegi
606 1392 707 1463 posset
721 1383 785 1462 pari
799 1385 887 1444 modo
908 1393 1118 1464 superaturum
1134 1403 1199 1445 om-

96 1475 181 1529 anes
195 1470 226 1529 in
243 1468 349 1530 ceteris
371 1469 492 1529 artibus.
529 1471 625 1547 Atque
645 1469 718 1529 haec
739 1468 776 1529 ad
797 1478 928 1531 nostram
951 1470 1198 1532 consuetudinem

127 1562 198 1614 sunt
219 1554 291 1615 levia
314 1562 342 1614 et
364 1555 463 1632 potius
486 1554 718 1628 contemnenda;
747 1561 776 1614 at
803 1555 834 1614 in
858 1554 978 1616 Graecia
1000 1555 1104 1635 utiquc
1127 1555 1199 1616 olim

97 1646 113 1696 4
127 1657 250 1718 magnae
265 1639 344 1701 laudi
360 1647 454 1699 erant.
484 1639 642 1718 Postquam
666 1639 799 1718 ephebus
815 1648 859 1700 est
874 1641 969 1701 iactus
993 1648 1022 1700 et
1036 1640 1199 1720 palaestrae

125 1724 195 1785 dare
210 1744 330 1805 operam
345 1724 453 1803 coepit,
470 1744 531 1785 non
545 1732 604 1785 tam
626 1724 822 1803 magnitudini
843 1724 949 1786 virium
970 1725 1088 1787 servivit
1109 1744 1199 1804 quam

126 1810 279 1872 velocitati.
309 1810 390 1871 lllam
406 1810 485 1870 enim
500 1809 536 1870 ad
551 1810 724 1871 athletarum
740 1828 837 1885 usum,
854 1810 932 1870 hauc
947 1812 982 1871 ad
1005 1810 1075 1872 helli
1098 1811 1199 1872 existi-

97 1895 223 1956 5mabat
238 1895 392 1956 utilitatem
407 1894 567 1974 pertinere.
604 1895 705 1974 ltaque
726 1895 917 1958 exercebatur
938 1897 1100 1974 plurimum
1129 1914 1199 1958 cnr-

191 2101 324 2160 postremo
343 2112 367 2146 u.
386 2110 407 2146 s.
424 2110 457 2145 w.
485 2095 575 2146 Diesen
592 2095 689 2146 letzten
697 2095 780 2146 Punct
789 2096 833 2146 hat
841 2096 928 2162 Nepos
947 2096 1199 2149 zubchandclnver·

125 2161 1012 2298 trittalltiruitilltt‘uittlttttrtlturturi
1029 2164 1063 2216 Μ
1081 2180 1129 2216 ”““
1145 2165 1199 2216 Μ’

195 2305 517 2366 patae—anteponantur.
554 2300 600 2351 Die
621 2300 729 2353 meisten
751 2300 842 2352 stellen
861 2300 1039 2368 liriegsthaten
1057 2300 1138 2353 hdher
1161 2300 1199 2352 als

128 2367 236 2434 geistige
254 2368 372 2434 Vorzuge
391 2370 485 2432 (animi
501 2372 632 2433 virtutes),
650 2367 702 2420 und
721 2369 821 2421 meinen
839 2368 931 2435 daher,
955 2370 1014 2421 dass
1037 2369 1115 2422 ihnen
1134 2369 1199 2421 auch

128 2436 154 2486 in
171 2437 217 2488 der
232 2436 394 2504 Darstellung
411 2437 456 2488 der
472 2437 545 2488 Platz
564 2453 610 2489 ror
623 2437 702 2500 jenen
720 2437 840 2504 gehuhre.

196 2500 224 2559 2.
255 2507 274 2556 l.
301 2522 405 2572 pauper
432 2508 487 2556 iam
512 2522 529 2556 a
550 2507 697 2556 maioribus
725 2506 834 2557 relictus
858 2505 955 2556 ‘warde
979 2520 1031 2556 arm
1050 2505 1130 2557 schon
1146 2520 1199 2556 ron

127 2573 214 2625 seinen
240 2573 379 2625 llorsahren
405 2574 451 2625 her
479 2577 540 2639 (von
567 2573 654 2625 seinen
672 2573 768 2638 Eltern)
794 2573 978 2626 hinterlassen'.
1015 2572 1090 2624 Scine
1112 2571 1199 2625 Eltern

128 2641 303 2694 hinterliessen
330 2642 374 2693 ihn
401 2642 427 2693 in
454 2642 524 2694 einer
548 2642 670 2706 Armnth,
697 2641 738 2693 die
762 2643 841 2694 schon
864 2657 915 2694 ron
941 2643 1029 2694 seinen
1058 2640 1200 2693 Vorsahren

123 2713 250 2762 stammte.

194 2783 226 2828 ut
244 2779 326 2829 ‘wie’:
344 2780 431 2842 magia
458 2777 492 2828 ‘in
518 2777 624 2828 lidherm
643 2776 740 2838 Grade’,
758 2777 792 2828 ist
810 2776 938 2842 unrichtig
959 2775 1145 2844 hiuzugesetzt,
1162 2777 1200 2828 in-

128 2845 185 2897 dem
203 2845 257 2896 sich
276 2845 333 2896 dem
352 2843 532 2897 Schriststeller
549 2845 590 2898 die
607 2844 797 2912 Vergleichung
819 2845 866 2896 mit
887 2845 969 2896 einem
987 2844 1121 2912 Folgesatz
1145 2861 1200 2898 ver-

125 2913 220 2964 winte.

195 2983 300 3032 Damon
318 2996 373 3033 war
395 2982 436 3033 ein
458 2981 623 3048 Zeitgenosse
646 2981 691 3032 des
715 2980 828 3033 Perilles
851 2981 893 3043 (zu
914 2981 968 3033 Alc.
993 2982 1080 3048 21),
1103 2982 1150 3034 der
1175 2983 1200 3034 in

130 3051 232 3117 spitern
256 3050 349 3102 Jahren
374 3049 418 3103 ihn
434 3051 461 3101 in
479 3051 562 3103 seiner
579 3050 731 3116 Umgehung
753 3050 833 3103 hatte.
867 3048 1001 3116 Lamprus
1024 3050 1058 3102 ist
1081 3065 1127 3102 ans
1145 3049 1201 3103 der-

129 3118 217 3172 selben
234 3118 297 3170 Zeit.
314 3148 347 3158 —
364 3123 473 3170 musicis
490 3119 524 3170 ist
541 3118 586 3170 das
604 3119 735 3170 Neutrum.
753 3147 787 3156 —
805 3121 829 3170 2.
848 3117 1018 3184 Pythagoraa
1040 3134 1092 3170 ron
1110 3119 1201 3172 Samos

129 3187 226 3239 stillete
249 3202 292 3238 um
316 3187 357 3238 die
374 3186 446 3238 Mitte
464 3187 509 3238 des
528 3186 645 3238 sechstcn
663 3187 704 3238 Jh⁴
729 3203 754 3237 v.
777 3186 821 3237 ch.
846 3187 902 3237 eine
926 3186 1200 3255 philosophischpoli·

125 3254 207 3308 tischc
224 3254 318 3307 Schule
335 3256 360 3305 in
372 3255 520 3307 deitalien.
538 3285 567 3292 —
592 3257 692 3306 tristem
710 3255 764 3306 hier
780 3255 908 3306 ‘hoster’.'

193 3326 333 3375 doctrinae
351 3323 594 3386 ‘wissenschaften’,
612 3329 683 3373 artes
702 3323 879 3375 ‘Kenntnisse’.
915 3322 940 3374 S.
959 3340 989 3375 zu
1007 3323 1072 3376 Dion
1093 3328 1115 3391 1,
1133 3327 1157 3377 2.

195 3396 218 3445 3.
248 3392 285 3442 ad
306 3393 355 3458 eig.
380 3394 419 3443 ‘an
444 3406 534 3443 uasere
559 3390 727 3443 Gewchnheit
752 3392 799 3454 (als
815 3391 953 3456 lllaasstah)
977 3392 1114 3460 gehalten’,
1132 3392 1156 3445 d.
1175 3394 1199 3446 h.

127 3459 200 3512 ‘nach
218 3476 322 3512 unserer
340 3459 523 3512 Gewohnheit'.
558 3458 640 3510 Levia
658 3459 733 3512 ‘ohne
750 3460 841 3512 Ernst’.

194 3532 287 3593 utiquo
310 3530 373 3580 olim
396 3544 512 3593 maguae
539 3527 615 3578 laudi
640 3535 727 3581 orant.
768 3528 824 3579 Wie
842 3543 869 3580 es
887 3529 942 3582 sich
964 3528 1043 3581 damit
1068 3546 1100 3582 zu
1118 3531 1202 3584 seiner

126 3595 181 3647 Zeit
197 3596 313 3660 rarhielt,
330 3598 394 3650 lasst
410 3597 497 3664 Nepos
514 3596 703 3664 dahingestellt.

196 3667 221 3716 4.
238 3668 349 3716 servivit
364 3665 530 3731 ‘hefleissigte
548 3664 619 3729 sich',
638 3667 742 3718 ‘strehte
760 3667 842 3717 nach’.
853 3666 934 3717 -ad
951 3666 1114 3718 athletarum
1122 3683 1201 3719 usam

128 3747 152 3785 u.
172 3748 192 3784 s.
211 3748 244 3783 u.
280 3733 433 3786 Uehersetze
451 3734 498 3785 ‘fiir
516 3734 564 3785 den
582 3733 702 3785 Athleten
720 3735 811 3800 ndthig
830 3763 859 3773 -
878 3735 919 3787 fiir
935 3732 984 3785 den
1002 3734 1202 3802 liriegnhtzlich

129 3801 183 3854 sei'.
219 3800 272 3867 Εἰς.
291 3801 357 3853 ‘dem
375 3802 470 3854 Bedars
485 3802 530 3854 des
548 3802 667 3854 Athleten
685 3833 719 3840 -
736 3803 794 3856 dem
811 3802 910 3856 Nulzen
929 3801 974 3855 des
992 3802 1114 3871 Krieges’,
1132 3804 1156 3856 d.
1175 3803 1201 3855 h.

125 3868 191 3921 ‘dem
210 3869 244 3921 im
262 3869 352 3938 Kriege
370 3869 520 3924 Nfitzlichen
536 3871 703 3939 entspreche'.
