2580 4372
470 219 489 270 l.
507 217 686 271 uturmuus.
704 221 727 272 8.
1098 215 1135 276 ll

62 409 141 470 quae
153 398 301 462 statuerat,
313 407 382 449 cum
392 388 513 450 totidem
525 389 656 464 navibus,
672 397 760 468 atque
769 389 996 468 eratprofectus,
1005 389 1134 451 Athenas

63 493 252 552 magnacum
275 474 438 535 offensione
459 475 566 535 civium
587 493 710 536 suorum
731 474 849 535 rediret.
881 476 1042 535 Accusatus
1064 485 1165 554 ergoa

64 569 110 622 est
124 560 310 639 proditionis,
327 559 416 638 quod,
432 578 499 620 cum
514 559 622 621 Parum
638 578 806 640 expugnare
821 567 931 638 posset,
947 579 963 620 a
983 577 1053 637 rege
1069 579 1135 621 cor-

65 653 173 725 ruptus
194 644 312 706 infectis
333 644 423 704 rebus
445 644 636 706 discessisset.
681 646 724 706 Eo
739 652 872 722 tempore
887 662 974 722 aeger
989 652 1050 705 erat
1070 646 1135 706 vul·

65 731 197 806 neribus,
214 749 288 809 quae
304 729 335 789 iu
351 730 551 808 oppugnando
565 730 675 809 oppido
687 737 849 808 acceperat.
871 728 983 811 ltaque,
996 730 1135 808 quoniam

64 817 129 895 ipse
144 834 199 894 pro
214 834 246 875 se
261 815 358 875 dicere
374 832 435 874 non
450 823 560 894 posset,
575 815 662 876 verba
682 815 752 876 lecit
765 815 856 874 frater
875 814 939 875 eius
954 813 1134 892 Stesagoras.

66 901 160 963 Causa
181 899 298 978 cognita
314 899 418 978 capitis
432 900 585 960 absolutus
600 901 727 980 pecunia
746 899 886 960 multatus
908 908 968 973 est,
991 918 1084 978 eaque
1099 901 1136 961 lis
1150 910 1166 960 6

65 985 281 1065 quinquaginta
301 983 419 1044 talentis
440 986 587 1046 aestimata
603 992 657 1061 est,
673 993 802 1064 quantus
816 984 848 1044 in
863 983 985 1044 classem
1000 993 1136 1065 sumptus

65 1073 160 1132 factus
175 1078 246 1131 erat.
276 1067 360 1129 Hanc
374 1071 530 1148 pecuniam
547 1071 626 1149 quod
641 1070 753 1130 solvere
770 1070 800 1130 in
817 1069 983 1148 praesentia
1004 1089 1064 1131 non
1080 1090 1136 1150 po·

65 1163 149 1230 terat,
165 1156 196 1216 in
212 1154 307 1215 vincla
321 1154 440 1233 publica
454 1155 606 1216 coniectus
617 1164 661 1216 est
671 1155 771 1234 ibique
783 1155 859 1215 diem
871 1153 943 1214 obiit
954 1172 1135 1234 supremum.

150 1239 207 1300 Hic
222 1240 277 1300 etsi
298 1239 422 1299 crimine
444 1239 530 1301 Pario
552 1249 596 1301 est
611 1247 775 1309 accusatus,
791 1247 888 1300 tamen
904 1238 958 1300 alia
974 1258 1061 1302 causa
1081 1241 1169 1305 luit8

63 1325 270 1387 damnationis.
293 1323 426 1402 Namque
438 1325 633 1387 Athenienses
649 1334 773 1404 propter
782 1324 925 1385 Pisistrati
941 1327 1135 1403 tyrannidem,

64 1430 141 1491 quae
151 1411 254 1490 paucis
269 1409 355 1470 annis
370 1419 437 1471 ante
451 1410 557 1485 luerat,
573 1411 705 1471 omnium
721 1409 827 1470 civium
842 1428 964 1469 suorum
976 1412 1137 1488 potentiam

67 1495 306 1556 extimescebam.
344 1494 499 1569 Miltiades,
524 1496 650 1557 multum
671 1496 701 1556 in
724 1495 856 1574 imperiis
877 1494 1050 1575 magnisque
1072 1516 1137 1557 ver·
1152 1487 1189 1560 2'

65 1589 157 1655 satae,
180 1598 241 1641 nou
263 1579 415 1640 videbatur
435 1599 523 1659 posse
539 1600 603 1641 esse
625 1581 764 1660 privatuS,
786 1580 959 1659 praesertim
981 1599 1048 1643 cum
1065 1601 1137 1643 con-

64 1665 224 1727 suetudine
239 1664 275 1725 ad
290 1664 406 1744 imperii
422 1665 612 1744 cupiditatem
626 1666 702 1727 trabi
717 1665 875 1725 videretur.
905 1664 977 1725 Nam
998 1667 1029 1728 in
1047 1667 1137 1729 Cher·
1153 1679 1167 1730 3

65 1768 174 1812 soncso
197 1768 300 1810 omnes
315 1749 390 1824 illos,
407 1768 482 1828 quos
497 1749 649 1827 habitarat,
664 1766 760 1810 annos
782 1756 955 1831 perpetuam
970 1751 1138 1813 obtinuerat

65 1835 296 1897 dominationem
318 1841 522 1914 tyrannusque
542 1836 640 1897 luerat
666 1834 839 1915 appellatus,
860 1834 912 1894 sed
934 1834 1040 1898 iustus.
1071 1837 1137 1898 Non

65 1920 223 1982 eratenim
239 1920 266 1979 ri
283 1928 471 1992 consecutus,
487 1921 539 1981 sed
554 1940 677 1982 suorum
691 1920 851 1994 voluntate,
869 1938 991 1997 eamque
1005 1931 1136 2001 potesta-

64 2013 125 2066 tem
146 2004 277 2065 bonitate
300 2004 452 2065 retinebat.
498 2004 609 2067 Omnes
632 2014 729 2068 autem
745 2011 773 2064 et
788 2004 928 2065 dicuntur
944 2015 973 2067 et
992 2006 1140 2069 habentur

63 2090 194 2170 tyranni,
210 2089 260 2168 qui
276 2096 420 2169 potestate
434 2098 505 2151 sunt
519 2099 662 2170 perpetua
677 2092 707 2151 in
724 2109 757 2150 ea
770 2089 894 2163 civitate,
910 2108 984 2169 quae
1003 2093 1138 2155 libertate

65 2193 120 2236 usa
137 2183 190 2235 est.
221 2175 279 2235 Sed
293 2175 325 2235 in
340 2174 468 2236 Miltiade
483 2185 544 2236 erat
567 2195 634 2237 cum
656 2193 770 2238 summa
791 2175 958 2236 humanitas
979 2185 1042 2238 tum
1064 2177 1168 2252 mirac

64 2261 272 2333 communitas,
287 2268 322 2321 ut
337 2278 423 2321 nemo
438 2267 498 2322 tam
512 2261 631 2322 humilis
647 2269 733 2335 esset,
750 2260 798 2320 cui
819 2279 880 2321 non
903 2260 937 2320 ad
960 2282 1027 2324 eum
1042 2259 1138 2324 aditus

65 2353 190 2424 pateret,
211 2362 316 2422 magna
337 2345 495 2406 auctoritas
516 2348 595 2425 apud
610 2366 714 2409 omnes
735 2345 874 2419 civitates,
897 2347 996 2408 nobile
1018 2366 1137 2421 nomen,

137 2532 162 2581 4.
180 2544 281 2593 magno
300 2543 360 2579 oum
378 2530 525 2592 offensione
541 2531 607 2580 ‘zum
626 2545 731 2596 grossen
749 2530 891 2582 Verdruss'.

136 2601 159 2649 5.
179 2599 305 2661 quoniam
312 2604 444 2663 -poaset
480 2597 529 2649 Der
546 2597 707 2663 Conjnuctiv,
724 2599 784 2652 weil
802 2599 856 2650 dies
874 2599 911 2650 als
929 2597 999 2650 Rode
1016 2597 1061 2649 des
1075 2597 1138 2648 Bru-

65 2666 124 2718 ders
143 2664 256 2716 releriert
273 2665 345 2716 wind.
380 2665 521 2732 Uebrigens
538 2670 636 2718 musste
654 2666 684 2719 N.
704 2671 767 2719 statt
784 2666 830 2719 des
848 2666 998 2733 Stesagoras
1017 2669 1046 2726 ts.
1065 2682 1096 2717 zu
1117 2669 1139 2731 l,

68 2737 92 2798 1)
112 2733 154 2785 die
171 2731 285 2784 Freunde
303 2733 348 2784 des
366 2733 429 2785 lllilt.
449 2748 559 2786 neuneu.

136 2804 160 2853 6.
179 2806 260 2865 caput
277 2800 384 2852 nmlasst
401 2801 494 2865 beben,
517 2801 627 2854 Freibeit
649 2802 703 2853 und
721 2802 901 2870 Burgerreclrt;
927 2803 968 2853 bei
993 2801 1080 2867 Nepos
1099 2801 1139 2854 „ist

65 2868 152 2921 indess
169 2867 194 2921 iu
213 2867 262 2919 den
280 2869 389 2920 meister
406 2870 492 2920 Falleu
510 2869 556 2921 das
574 2874 640 2922 erste
658 2871 778 2936 gemeint.
811 2871 964 2922 Uebersetze
991 2868 1085 2921 ‘wurde
1112 2884 1138 2920 er

64 2938 111 2988 mit
129 2934 270 3002 peinliclter
287 2935 369 2987 Strale
387 2936 540 2990 verschout'.

135 3019 218 3070 eaque
236 3004 269 3053 lis
287 3008 427 3056 acromate
454 3011 500 3056 ast.
536 3004 689 3057 Uebersetze
713 3004 763 3057 ‘die
786 3005 940 3072 Stralgelder
957 3005 1063 3057 wurden
1080 3005 1141 3057 lest·

64 3073 185 3139 gesetzt'.
203 3100 238 3109 —
254 3071 301 3123 Ein
320 3072 412 3123 Talent
429 3072 487 3124 sind
509 3076 573 3124 tato
592 3071 685 3125 Thalen
701 3073 743 3126 Pr.
762 3073 836 3125 Gour.

136 3144 166 3190 in
184 3144 345 3206 praesentia,
363 3141 479 3191 Ablativ:
496 3140 540 3190 ‘im
557 3140 735 3207 Augenblick',
753 3141 814 3192 oder
831 3141 879 3192 ‘liu
897 3139 945 3192 deu
963 3140 1140 3208 Augenblicls’,

65 3207 117 3260 wie
135 3211 164 3257 in
181 3212 317 3273 praesenti
332 3207 387 3259 Alc.
406 3212 431 3273 4,
450 3211 473 3260 2.
490 3207 543 3259 Art.
564 3211 604 3273 12,
622 3213 646 3261 5.

136 3268 164 3331 8.
184 3279 208 3326 1.
228 3279 277 3326 etsi
294 3279 407 3328 crimine
424 3277 505 3327 Pario
524 3282 563 3326 eet
580 3283 729 3328 accusatus.
764 3275 916 3328 Uebersetze
933 3276 1045 3329 ‘obwobl
1061 3277 1141 3328 Parus

64 3343 116 3395 den
134 3343 221 3395 Grund
238 3359 284 3395 zur
300 3343 418 3411 Anklage
437 3345 503 3411 gab'.

134 3411 272 3463 l’taietrati
319 3416 414 3462 raonis
426 3412 534 3464 nmlasst
551 3411 668 3478 zugleich
678 3411 719 3464 die
726 3411 934 3479 Regiemugszeit
952 3412 1034 3462 seiner
1045 3410 1140 3465 Sdbne.

64 3478 108 3532 Sie
125 3478 224 3531 wabrte
241 3418 547 3546 mitanterbrechungen
564 3495 614 3530 von
633 3483 768 3534 scu-510
787 3497 811 3530 v.
830 3479 875 3530 Cb.

135 3549 159 3599 2.
177 3549 291 3599 multum
308 3551 337 3598 in
348 3550 468 3612 imperiis
485 3551 772 3613 magnasqueoarsams
790 3546 843 3599 ‘der
860 3546 916 3597 sich
933 3545 1016 3598 vielin
1027 3547 1141 3599 Belehls·

63 3615 237 3667 haberstellen
255 3616 307 3667 und
325 3616 351 3665 in
369 3618 482 3682 grossen’
501 3614 795 3680 (Belehlshaberstellen)
813 3613 947 3666 ‘belunden
966 3615 1052 3668 batte'.

134 3685 159 3735 3.
178 3699 244 3748 quos
262 3686 406 3736 dubitarat.
433 3683 523 3735 Hierzu
540 3684 575 3736 ist
591 3683 687 3735 wieder
704 3687 733 3734 in
753 3682 911 3734 Chersoneso
930 3700 961 3735 zu
978 3683 1091 3735 denken:
1106 3684 1141 3734 im

62 3749 209 3803 lleutschen
228 3757 297 3803 setze
315 3751 387 3803 ‘dort’
407 3752 492 3803 binzu.
509 3780 544 3789 -
562 3756 727 3816 consecutur,
745 3751 820 3803 udnrl.
839 3751 1045 3803 dominationem.

135 3823 160 3872 4.
198 3820 351 3871 brumandus
378 3819 471 3871 ‘Nlilde'
498 3821 531 3885 (s.
546 3836 592 3875 ,zu
624 3821 677 3871 Αῖῖ.
707 3822 752 3884 16,
782 3823 823 3882 1),
851 3823 1025 3870 communitas
1052 3819 1141 3870 ‘Leut-

62 3886 203 3953 seligkeit'.

123 3985 239 4029 cornelius
253 3987 334 4037 Nepos.
361 3989 382 4030 6.
396 3988 453 4030 Anu.
938 3990 952 4039 2
