2580 4372
28 248 31 259 Ι
136 183 176 245 96
501 186 554 238 xv.
571 185 811 239 urnuruouoss.
830 189 853 239 e.

134 362 258 424 Maxime
273 369 370 421 autem
385 361 441 422 fuit
455 360 578 434 illustre,
594 378 662 422 cum
677 360 915 438 Peloponnesum
930 360 1092 422 exercitum
1107 358 1211 421 duxis-

134 456 180 508 set
207 447 346 507 adversus
362 445 611 507 Lacedaemonios
632 444 811 524 haberetque
827 445 954 524 collegas
969 447 1054 519 duos,
1078 462 1210 524 quorum

133 533 208 593 alter
223 540 285 592 erat
299 531 464 611 Pelopidae,
487 532 532 591 vir
546 531 630 591 fortis
651 549 685 592 ac
706 540 854 592 strenuus
889 530 926 590 lli
949 550 1017 592 cum
1032 529 1211 592 criminibus

134 617 368 678 adversariorum
396 635 499 677 omnes
527 617 558 677 in
586 616 724 677 invidiam
751 615 900 676 venissent
927 617 965 677 ob
994 635 1118 696 eamque
1145 633 1211 676 rem

135 702 291 782 imperinm
314 701 351 763 iis
366 710 444 764 esset
464 702 636 780 abrogatum
658 710 745 780 atque
760 701 792 761 in
808 719 911 762 eorum
931 701 1029 763 locum
1051 701 1101 762 alii
1123 718 1211 780 prae-

104 796 213 849 ttores
229 788 453 858 successissent,
469 787 688 867 Epaminondas
703 786 807 866 populi
822 787 896 848 scito
912 806 973 848 non
988 787 1097 866 paruit,
1113 786 1210 847 idem·

135 882 242 953 quent
262 874 410 947 facerent,
435 872 583 953 persuasit
604 871 724 950 collegis
739 881 768 932 et
782 871 908 946 bellum,
931 873 1011 951 quod
1026 879 1210 951 susceperat,

135 959 235 1036 gessit.
264 959 398 1036 Namque
413 957 667 1033 animadvertebat,
681 957 739 1017 nisi
754 957 784 1018 id
798 957 924 1032 fecisset,
939 966 1034 1019 totum
1046 957 1212 1020 exercitum

135 1051 260 1124 propter
274 1052 444 1123 praetorum
460 1043 689 1123 imprudentiam
704 1043 910 1123 inscitiamque
939 1043 1211 1124 belliperiturum.

106 1129 197 1192 5Lex
212 1137 273 1190 erat
288 1129 407 1204 Thebis,
424 1148 499 1208 quae
512 1135 608 1189 morte
629 1127 781 1204 multabat,
803 1129 827 1188 si
844 1128 910 1207 quis
924 1129 1084 1209 imperium
1098 1127 1212 1189 diutius

136 1214 321 1290 retinuisset,
350 1233 439 1293 quam
460 1215 524 1291 lege
546 1213 733 1292 praefinitum
755 1214 840 1274 foret.
884 1213 967 1276 llanc
989 1213 1213 1294 Epaminondas

136 1317 205 1360 cum
219 1300 263 1360 rei
277 1298 413 1380 publicae
428 1299 643 1361 conservandae
659 1317 746 1359 causa
760 1299 847 1359 latam
864 1298 980 1375 videret,
995 1299 1031 1360 ad
1045 1298 1213 1379 perniciem

137 1384 260 1445 civitatis
287 1385 424 1445 conferre
452 1383 548 1444 noluit
570 1391 760 1462 etquattuor
787 1383 940 1444 mensibus
962 1382 1095 1459 diutius,
1121 1400 1213 1463 quam

104 1469 267 1549 8populus
282 1470 418 1545 iusserat,
442 1469 532 1548 gessit
552 1468 719 1548 imperium.
757 1468 916 1547 Postquam
938 1469 1061 1531 domum
1082 1469 1214 1531 reditum

136 1562 191 1630 est,
206 1552 335 1633 collegae
350 1554 413 1615 eius
428 1555 485 1614 hoc
496 1553 620 1616 crimine
631 1553 854 1615 accusabantur.
877 1554 992 1625 Quibus
1003 1555 1053 1616 ille
1064 1554 1214 1634 permisit,

122 1646 170 1701 ,ut
183 1658 302 1701 omnem
318 1658 436 1701 causam
457 1640 489 1701 in
505 1659 537 1701 se
551 1641 748 1701 transferrent
770 1657 883 1718 suaque
898 1658 988 1720 opera
1003 1641 1116 1702 factum
1139 1658 1215 1701 con·

135 1726 302 1800 tenderent,
318 1733 352 1786 ut
366 1725 424 1804 legi
440 1744 501 1786 non
515 1724 698 1787 oboedirent.
729 1724 793 1795 Qua
807 1724 981 1787 defensione
1002 1725 1061 1787 illis
1076 1725 1214 1805 periculo

136 1809 267 1873 liberatis
289 1830 376 1872 nemo
392 1811 627 1890 Epaminondam
641 1827 857 1888 responsurum
878 1811 1010 1889 putabat,
1025 1810 1119 1890 quod,
1141 1811 1214 1891 quid

105 1894 257 1969 adiceret,
273 1914 334 1956 non
350 1896 479 1957 baberet.
502 1896 540 1956 ht
553 1894 602 1956 ille
616 1896 648 1956 in
659 1893 899 1971 iudiciumvenit,
916 1895 990 1956 nibil
1000 1914 1215 1976 eorumnega·

135 1980 185 2056 rit,
201 1998 276 2059 quae
287 1981 443 2042 adversarii
458 1980 582 2042 crimine
592 1980 708 2053 dabant,
721 1979 888 2059 omniaque,
901 1999 976 2060 quae
988 1981 1121 2061 collegae
1131 1982 1215 2044 dixe·

136 2072 213 2138 rant,
236 2065 392 2126 confessus
414 2073 459 2126 est
481 2084 579 2143 neque
601 2065 757 2138 recusavit,
779 2083 840 2142 quo
862 2066 962 2126 minus
984 2066 1061 2146 legis
1084 2085 1216 2147 poenam

136 2149 259 2224 subiret,
275 2150 435 2210 sedunum
452 2150 488 2209 ab
504 2150 539 2210 iis
555 2148 674 2229 petivit,
697 2149 776 2210 utin
792 2150 926 2228 periculo
948 2170 1004 2212 suo
1028 2151 1214 2214 scriberent:

108 2232 356 2313 aEpaminondas
378 2234 560 2296 aThebanis
581 2243 676 2295 morte
698 2234 839 2295 multatus
862 2247 915 2310 est,
939 2237 1020 2314 quod
1042 2256 1094 2298 eos
1118 2236 1217 2317 coegit

205 2435 326 2486 Muoeime
348 2436 454 2486 illustre
477 2434 741 2499 (hervorleuchtend')
765 2435 799 2487 ist
816 2435 945 2487 Prtdicat:
971 2435 1079 2501 subject
1103 2436 1150 2491 das
1170 2452 1218 2491 aus

136 2502 194 2556 dem
212 2502 443 2570 Vorhergehenden
462 2520 494 2555 zu
512 2502 645 2556 denhende
663 2505 722 2568 hoe,
740 2504 792 2555 ‘es’.
827 2503 981 2556 Uebersetze
1006 2520 1048 2557 am
1067 2495 1218 2573 ‘glanaend-

135 2576 191 2624 sten
210 2572 271 2623 aber
287 2571 370 2637 zeigte
387 2586 415 2623 es
433 2571 503 2623 sich'.

204 2655 265 2690 eum
289 2639 349 2690 Pelo
370 2655 497 2690 ouuesum
521 2654 546 2690 u.
573 2655 593 2690 s.
617 2654 651 2690 w,
687 2641 737 2691 ato
760 2654 786 2690 v.
812 2637 856 2689 ch.
891 2638 976 2692 Ueber
1001 2639 1219 2708 Peloponnesum

136 2723 168 2758 zu
184 2705 248 2758 hlilt.
268 2711 291 2769 1,
312 2711 322 2757 l
345 2654 542 2757 gherooueeum.
566 2727 572 2736 ·

203 2779 345 2842 praetores
362 2773 412 2824 wie
429 2772 493 2824 Mill.
510 2777 533 2835 l,
551 2775 578 2824 4.
602 2771 745 2891 Uebrigens
763 2773 797 2825 ist
814 2773 859 2824 der
876 2773 978 2827 Bericht
995 2775 1041 2828 des
1060 2776 1152 2845 Nepos
1171 2794 1219 2831 un-

137 2855 227 2908 genau.
263 2839 308 2892 Die
325 2839 450 2893 Amtszeit
468 2842 513 2893 des
535 2839 622 2906 Epam.
646 2855 680 2891 un
720 2841 804 2892 seiner
827 2840 949 2908 Collegeu
970 2858 1024 2895 war
1049 2845 1082 2896 ab
1103 2845 1220 2911 elaufen,

136 2908 189 2960 und
208 2924 235 2960 er
253 2908 348 2960 bebielt
366 2907 416 2962 den
434 2907 596 2973 Oberbefebl‚
621 2907 680 2958 weil
703 2922 730 2958 er
754 2913 827 2960 sonst
852 2909 921 2960 bitte
939 2912 985 2962 mit
1009 2911 1069 2964 dem
1111 2928 1156 2967 eer
1174 2931 1220 2966 zu·

136 2975 295 3028 rdeldrebren
322 2976 374 3028 und
401 2977 442 3028 die
468 2977 589 3043 gdnstige
617 2975 786 3042 Gelegenbeit
811 2977 953 3030 unbenetzt
987 2979 1073 3032 lassen
1102 2986 1220 3037 mdssen.

136 3045 241 3096 llierauf
254 3049 326 3111 passt
343 3044 388 3097 das
406 3046 423 3113 ξ
442 3050 456 3098 5
475 3044 606 3098 erwabnte
624 3043 723 3096 Gesetz.

204 3118 229 3166 4.
247 3113 368 3178 idemque
384 3129 410 3166 u.
430 3129 450 3166 s.
469 3129 502 3163 w.
537 3113 636 3164 Constr.
654 3118 681 3162 et
689 3115 833 3190 persuasit
849 3112 967 3177 collegis,
990 3120 1023 3165 ut
1045 3115 1120 3168 idem
1144 3116 1222 3178 face·

137 3188 204 3234 reut.
222 3210 257 3221 -·
274 3184 409 3231 incutiam
428 3182 490 3232 delle·
507 3178 785 3248 ‘Ungeschickhchlreit
801 3178 963 3246 imllriege'.

205 3255 229 3303 5.
257 3248 330 3310 soret
355 3248 440 3300 wieL
461 3264 482 3299 s.
507 3252 531 3311 3,
549 3252 573 3299 5.
591 3275 624 3286 —-
643 3247 775 3308 conferre.
808 3247 880 3298 Arrch
898 3247 985 3300 hieran
1004 3249 1070 3302 wird
1087 3252 1164 3305 liano
1183 3255 1223 3307 als

136 3316 386 3382 Subjectsaccnsativ
404 3265 522 3382 geriacht:
541 3316 608 3367 ‘dass
626 3330 654 3366 es
672 3315 803 3380 beitrage'.

205 3379 233 3440 8.
254 3389 275 3436 1.
294 3400 403 3435 caueam
422 3384 555 3435 ‘Process'.
574 3413 608 3422 —
626 3399 708 3448 opera
726 3383 776 3434 wie
795 3381 853 3449 Lys.
872 3385 894 3446 l,
913 3386 937 3435 3.
964 3413 994 3423 -
1019 3401 1223 3452 responsurum

137 3452 182 3503 anf
198 3452 238 3504 die
255 3451 385 3519 Anklege:
405 3451 468 3503 ‘sich
486 3452 693 3502 verantworten’.

205 3536 259 3570 nou
277 3521 369 3583 buteo,
386 3519 454 3585 quid
469 3516 557 3570 dicam
574 3519 623 3570 ‘ich
642 3517 718 3570 weiss
737 3516 815 3582 nicht,
832 3532 886 3570 was
900 3517 940 3570 ich
958 3533 1039 3588 sagen
1064 3522 1138 3584 soll';
1164 3542 1225 3578 uon

138 3588 229 3650 babeo,
247 3587 320 3651 quod
337 3588 424 3638 dicam
441 3585 491 3637 ‘ich
508 3587 574 3638 habe
591 3585 675 3637 nichts
692 3600 723 3636 zu
741 3599 769 3635 sa
789 3586 837 3636 en’.

205 3657 228 3706 2.
248 3655 314 3719 legis
338 3654 553 3720 ‘gesetzmbssige
579 3683 613 3693 -
638 3656 680 3715 ite,
707 3651 756 3703 den
771 3600 907 3719 bicbtern,
925 3655 1062 3706 was-sich
1084 3670 1134 3710 aus
1159 3659 1225 3714 dem

39 3756 42 3761 -
138 3720 363 3789 vorbergehenden
382 3723 513 3773 iacdteium
531 3722 622 3788 ergibt.
639 3721 840 3785 -periculum
858 3720 1013 3774 'Protocoll'.

206 3793 229 3842 3.
247 3791 283 3840 lm
306 3789 454 3855 folgenden
478 3788 561 3841 durfte
585 3787 672 3839 weder
695 3787 736 3840 die
754 3787 874 3840 Schlacht
897 3788 938 3840 bei
955 3789 1063 3842 Leuctra
1088 3794 1161 3846 noch
1180 3797 1225 3850 die

136 3857 308 3925 Bestdrmung
326 3858 431 3925 Spartas
450 3857 564 3909 erwahnt
589 3855 707 3920 werden,
731 3855 762 3906 da
782 3856 844 3919 Jene
867 3871 914 3907 ror
937 3856 988 3909 den
1009 3858 1066 3911 vier
1084 3859 1227 3931 Menatem
