2580 4372
167 208 225 268 110
546 210 633 263 xviii.
651 208 809 261 nuunurs.
831 212 852 260 1.
903 176 908 183 ’

165 385 285 462 perlata,
301 383 435 444 celeriter
455 402 577 444 munera
600 401 635 443 eo
657 383 802 460 cuiusque
824 381 942 460 generis
963 389 1034 442 sunt
1056 380 1152 442 allata.
1184 381 1237 443 His

166 468 377 547 quaerentibus
392 467 558 545 Agesilaum
572 468 619 528 vix
634 468 705 528 fides
720 468 794 528 saeta
811 476 965 526 estonum
980 466 1046 527 esse
1061 484 1095 526 ox
1110 466 1169 539 his,
1185 468 1236 546 qui

135 566 151 615 4
165 562 226 613 turn
238 553 427 614 accubabant.
451 552 508 622 Qui
519 571 587 613 oum
597 553 675 632 regis
686 552 791 626 verbis
808 570 883 630 quae
892 550 1060 622 attulerant,
1073 550 1236 624 dedissent,

166 637 215 698 ille
230 647 346 717 praeter
359 636 511 697 vitulinam
527 646 556 698 et
570 637 714 698 eiusmodi
730 655 838 714 genera
854 636 980 710 obsonii,
997 654 1071 714 quae
1094 654 1237 715 praesens

166 730 282 802 tempus
297 722 488 795 desiderabat,
505 722 579 782 nihil
594 722 708 800 accepit
714 740 722 797 3
740 729 900 798 unguenta,
917 738 1043 781 coronas
1059 722 1236 783 secundam·

135 818 223 885 oque
243 825 374 868 mensam
397 807 488 867 servis
510 807 670 886 dispertiit,
693 814 788 867 cetera
810 806 915 866 referri
937 806 1031 866 iussit.
1068 805 1135 877 Quo
1158 806 1237 867 fanto

166 911 233 952 eum
248 892 363 952 barbari
385 890 478 969 magis
500 891 584 951 etiam
608 898 866 970 contempserunt,
889 890 969 968 quod
985 909 1053 950 eum
1067 890 1236 969 ignorantia

165 976 309 1037 bonarum
325 994 425 1036 rerum
440 975 487 1036 illa
503 977 688 1054 potissimum
704 975 865 1054 sumpsisse
879 974 1107 1037 arbitrabantur.

134 1070 149 1121 6
249 1061 304 1121 llio
320 1079 386 1121 cum
403 1079 437 1121 ex
453 1063 585 1140 Aegypto
600 1069 805 1134 reverteretur,
821 1061 946 1121 donatus
968 1078 983 1118 a
1006 1078 1075 1138 rege
1090 1059 1237 1122 Nectana-

165 1145 232 1206 bide
247 1146 382 1206 duoentis
397 1145 501 1224 viginti
516 1146 641 1220 talentis,
657 1165 732 1225 quae
747 1145 795 1206 ille
811 1146 927 1206 muneri
943 1144 1056 1224 populo
1071 1163 1128 1205 suo
1143 1146 1235 1219 daret,

165 1231 352 1308 venissetque
364 1230 393 1290 in
410 1238 540 1309 portum,
556 1230 606 1309 qui
621 1230 746 1292 Menelai
759 1238 889 1304 vooatur,
905 1230 1004 1291 iacens
1016 1229 1096 1291 inter
1107 1230 1236 1310 Cyrenas

133 1322 193 1376 tet
215 1317 395 1394 Aegyptum,
419 1316 449 1374 in
474 1315 611 1375 morbum
634 1316 795 1394 implicitus
817 1315 951 1376 decessit.
988 1314 1031 1375 lbi
1054 1334 1121 1376 eum
1137 1316 1234 1395 amici,

166 1417 225 1476 quo
240 1399 375 1477 Spartam
390 1399 503 1460 saoilius
518 1401 650 1479 perferre
666 1408 802 1478 possent,
825 1400 904 1478 quod
926 1400 984 1460 mel
1000 1417 1061 1460 non
1076 1400 1234 1476 habebant,

165 1501 231 1544 aera
247 1485 500 1544 circumfuderunt
515 1492 601 1563 atque
617 1485 656 1545 ita
670 1485 790 1545 domum
804 1484 979 1546 retulerunt.

529 1576 615 1650 xviri.
651 1599 862 1652 nonanus.

249 1686 387 1748 Euunnns
402 1686 571 1748 Cardianus.
601 1686 697 1748 Huius
712 1687 737 1747 si
752 1687 851 1747 virtuti
865 1705 919 1766 par
934 1687 999 1748 data
1014 1697 1092 1749 esset
1105 1689 1234 1765 fortuma,

164 1789 224 1832 non
241 1771 290 1832 ille
305 1772 424 1850 quidem
438 1772 532 1832 maior
545 1772 667 1847 suisset,
690 1771 740 1833 sed
761 1770 854 1832 multo
877 1771 1020 1832 illustrior
1040 1782 1131 1853 atque
1145 1775 1234 1837 etiam

162 1855 350 1931 honoratior,
374 1857 454 1934 quod
474 1875 597 1936 magnos
619 1858 755 1917 homines
776 1857 883 1917 u'rtute
904 1857 1059 1932 metimur,
1087 1877 1150 1921 non
1171 1862 1233 1921 lor-

133 1947 244 2001 ttuna.
273 1941 345 2001 Nam
361 1959 428 2002 oum
444 1949 522 2002 aetas
538 1941 602 2002 eius
623 1942 774 2002 incidisset
793 1941 823 2002 in
841 1960 873 2002 ea
889 1949 1030 2020 tempora,
1046 1943 1157 2022 quibus
1170 1944 1232 2007 lla-

163 2025 290 2086 oedones
311 2026 466 2096 florerent,
493 2026 618 2087 multum
640 2026 666 2086 ei
688 2026 811 2087 detraxit
831 2026 909 2087 inter
930 2046 980 2088 eos
1000 2029 1126 2106 urenti,
1152 2031 1232 2109 quod

163 2109 274 2170 alienae
286 2117 348 2171 erat
354 2109 487 2183 civitatis,
500 2128 597 2188 neque
607 2111 686 2171 aliud
696 2110 766 2171 huie
778 2111 871 2172 deluit
878 2130 964 2189 quam
979 2115 1232 2195 generosastirps.

132 2203 147 2254 3
163 2193 225 2253 Etsi
240 2192 290 2254 ille
305 2195 464 2255 domestico
480 2213 595 2255 summo
611 2214 720 2274 genere
742 2204 812 2256 erat.
843 2196 953 2257 Tamen
967 2196 1144 2261 Macedones
1165 2219 1231 2262 eum

163 2277 217 2338 sibi
232 2278 390 2357 aliquando
402 2281 542 2359 anteponi
555 2280 675 2358 indigne
686 2281 829 2355 ferebant,
845 2300 943 2359 neque
954 2290 1052 2342 tamen
1064 2303 1126 2345 non
1139 2286 1233 2365 patie-

162 2364 280 2426 bantur.
310 2363 451 2426 Vinoebat
466 2366 544 2426 enirn
560 2384 662 2428 ornnes
684 2385 764 2441 oura,
780 2365 938 2444 vigilantia,
953 2367 1104 2446 patientia,
1121 2369 1234 2432 callidi·

162 2456 220 2510 tate
236 2458 265 2510 et
279 2450 425 2511 eeleritate
440 2450 562 2528 ingenii.

230 2582 278 2632 His
295 2585 482 2648 garamantibus
499 2583 560 2649 geht
578 2583 623 2633 aul
637 2582 682 2635 das
699 2583 739 2634 bei
758 2583 841 2634 allato
859 2583 985 2649 gedachte
1002 2600 1018 2634 a
1036 2590 1130 2650 regiis.

230 2653 254 2701 4.
273 2654 345 2715 regia
364 2652 449 2701 verbis
467 2651 517 2702 wie
535 2650 623 2703 Them.
642 2654 673 2715 t,
697 2653 712 2703 3
736 2656 792 2701 suto
817 2653 911 2703 uerbis.
929 2680 963 2689 —-
981 2654 1113 2704 eiusmodi
1128 2670 1231 2720 genero

162 2719 265 2768 obsonii
282 2716 322 2768 fur
339 2719 469 2769 eiusmodi
479 2721 588 2769 obsonia
607 2717 667 2770 oder
677 2735 708 2768 ea
724 2735 825 2783 genera
842 2721 946 2770 obsonii
962 2719 995 2771 ist
1013 2720 1054 2771 ein
1064 2721 1229 2777 Pleonasmus

161 2797 206 2836 ans
224 2784 270 2835 der
285 2784 514 2851 Urngansspraehe.
531 2815 565 2823 -
581 2802 707 2850 presseras
725 2792 825 2853 tempus
843 2787 1027 2854 ‘Augenbliek'.

229 2856 253 2902 5.
281 2853 338 2916 (luo
361 2851 434 2913 santo
458 2853 507 2903 wie
529 2853 604 2905 Paus.
629 2856 653 2916 2,
672 2856 695 2906 6.
713 2883 747 2890 -
765 2859 788 2907 6.
806 2854 969 2906 Νεοιᾰιιαῠίι
986 2855 1056 2907 hatte
1073 2856 1130 2908 sioh
1147 2873 1230 2926 gegeu

161 2918 262 2971 bachus
279 2923 378 2986 emport
395 2920 446 2972 und
464 2921 511 2971 mit
529 2921 572 2972 des
581 2921 716 2987 Agesilaus
733 2921 807 2973 Hiille
824 2938 856 2973 an
874 2922 964 2975 dessen
983 2920 1062 2975 Stelle
1080 2930 1229 2990 gesem.-

162 2987 281 3039 dueeatts
298 2992 397 3053 viginti
413 2991 528 3040 talentis.
555 2989 580 3042 S.
600 3005 631 3040 zu
648 2989 711 3040 blilt
730 2993 753 3053 ἵ,
772 2994 796 3044 6.

231 3059 254 3107 t.
277 3057 335 3107 mel.
362 3058 389 3108 ln
407 3058 490 3124 Honig
508 3058 694 3109 einbalsamiert
710 3058 823 3125 pilegten
842 3058 882 3110 die
900 3058 924 3108 in
944 3058 988 3110 der
996 3057 1102 3111 Fremde
1120 3064 1228 3111 vorator·

162 3124 242 3177 beuen
260 3126 452 3191 spartanisohen
470 3125 568 3193 Konige
586 3125 651 3177 nach
668 3125 753 3177 liause
769 3127 891 3192 gebracht
907 3142 939 3177 zu
957 3127 1069 3178 werden.

626 3194 753 3245 Euununs.

231 3256 255 3314 1.
277 3263 298 3311 1.
317 3259 399 3311 Ueber
416 3260 465 3311 deu
482 3261 584 3326 Aulang
601 3277 632 3311 zu
651 3260 736 3312 Them.
759 3266 782 3324 1,
804 3264 824 3311 l.
843 3289 876 3298 —
893 3265 989 3311 virtuti
1004 3260 1226 3329 ‘Auszeiehnung¹;

161 3328 243 3393 gleieh
262 3326 352 3379 darauf
368 3329 416 3380 wie
433 3328 492 3396 Lys.
515 3333 536 3391 t,
558 3331 578 3379 l.
596 3357 630 3366 --
648 3330 720 3394 qood
736 3345 760 3380 u.
779 3344 799 3380 s.
823 3344 857 3378 w.
892 3327 978 3380 llieser
1001 3327 1061 3380 Satz
1084 3329 1226 3396 begrbndet
1262 3382 1267 3389 ,

159 3396 229 3447 bloss
246 3395 287 3447 die
304 3395 392 3448 Worte
408 3406 463 3448 non
480 3397 526 3446 illa
543 3395 648 3460 quidem
665 3400 754 3448 maior
769 3396 870 3457 fuisset.
1146 3454 1152 3467 .

228 3466 253 3514 2.
269 3465 398 3524 [doment
414 3464 535 3530 ‘mdohtig
553 3466 655 3516 waren’.
689 3464 737 3516 ller
755 3464 907 3527 Conjnnctiv
924 3464 974 3516 wie
992 3463 1146 3516 eraderetur
1162 3463 1229 3519 bilta

73 3572 76 3577 .
160 3533 184 3594 3,
203 3532 226 3581 2.
246 3559 276 3568 —
295 3533 407 3584 multum
425 3537 451 3583 ei
469 3534 588 3583 detroaa't
603 3532 668 3583 ‘that
685 3549 713 3584 es
731 3532 782 3583 ihm
800 3532 850 3584 viel
867 3532 1003 3583 Abbrunh'.

228 3601 251 3650 3.
279 3599 339 3649 boa
359 3601 491 3653 iibersetze
515 3600 562 3651 mit
579 3602 677 3660 ‘zwar';
705 3600 750 3651 das
778 3604 844 3651 erste
862 3606 951 3652 tomen
969 3600 1015 3651 mit
1033 3598 1177 3652 ‘dennooh'.
1194 3629 1228 3638 -

158 3666 301 3786 lilinum
329 3668 364 3719 ‘in
390 3669 473 3720 seiner
498 3668 630 3720 lleimath'.
657 3699 691 3706 -
716 3684 902 3733 neque-non
925 3668 992 3722 ‘sehr
1018 3667 1104 3719 wohl'.
1141 3667 1168 3723 S.
1195 3684 1229 3720 zu

199 3749 247 3787 ras.
266 3737 290 3798 2,
308 3737 330 3787 2.

228 3801 357 3853 thoebut
373 3804 409 3854 ‘er
426 3804 542 3857 iibertral
557 3807 605 3858 an’.
624 3832 655 3840 —
669 3808 806 3873 patientia
823 3805 980 3857 ‘Ausdauer’.
998 3830 1032 3843 -
1056 3806 1162 3869 ingenii
1183 3819 1232 3871 ge·

158 3871 216 3922 lidrt
232 3870 297 3922 auch
309 3886 340 3922 zu
359 3872 514 3925 ealliditate.
