2580 4372
472 133 549 185 XXV.
567 131 716 185 urricus,
739 136 777 185 13.
1105 131 1164 192 169

176 305 278 386 Neque
299 324 369 367 vero
391 305 440 366 ille
460 304 505 364 vir
525 305 624 365 minus
645 304 742 364 bonus
763 305 970 383 paterfamilias
993 305 1110 366 habitus
1125 307 1218 368 est13

90 411 179 470 quam
201 392 281 452 civis.
325 391 397 452 Nam
420 409 487 450 cum
509 400 588 452 esset
608 389 805 468 pecuniosus,
828 408 915 451 nemo
930 391 980 451 illo
1001 390 1100 452 minus
1114 392 1171 452 fuit

90 496 190 553 emas,
206 478 305 537 minus
321 475 497 537 aedificator.
526 476 629 553 Neque
644 483 742 536 tamen
758 494 818 536 non
832 477 863 536 in
878 475 982 554 primis
997 476 1073 536 bene
1087 475 1169 537 habi-

91 563 163 624 tavit
184 561 382 639 omnibusque
405 560 524 640 optimis
546 561 636 621 rebus
651 579 724 621 usus
740 570 793 621 est.
837 560 910 622 Nam
933 561 1053 621 domum
1068 561 1200 621 habuitt
1251 636 1259 647 ἱ

90 648 123 708 in
136 647 211 708 colle
222 647 368 718 Quirinali
379 645 629 724 Tamphilianam,
645 646 680 706 ab
693 645 838 707 avunculo
849 646 1010 707 hereditate
1021 645 1166 720 relictam;

92 732 178 793 cuius
193 732 355 792 amoenitas
371 750 431 792 non
448 731 595 805 aedificio,
617 731 668 792 sed
684 731 754 792 silva
769 731 931 792 constabat.
974 731 1076 810 lpsum
1092 731 1171 793 enim
1198 725 1200 730 ’

90 826 204 878 tectum
220 817 383 895 antiquitus
399 816 593 878 constitutum
608 817 677 895 plus
691 816 759 877 salis
775 835 861 895 quam
878 824 1016 895 sumptus
1031 817 1171 890 habebat3

93 903 124 963 in
137 921 198 983 quo
208 901 283 962 nihil
296 902 500 977 commutavit,
517 901 572 962 nisi
586 901 611 962 si
622 901 692 979 quid
704 909 845 963 vetustate
862 909 980 963 coactus
995 910 1049 963 est.
1093 901 1171 962 Usus
1187 911 1202 961 3

94 996 140 1048 est
161 987 285 1061 familia,
309 988 333 1047 si
356 987 481 1048 utilitate
503 986 693 1047 iudicandum
717 995 774 1055 est,
798 987 922 1065 optima;
946 988 970 1047 si
993 988 1103 1060 forma,
1125 987 1172 1047 vix
1281 1006 1285 1015 ¹

92 1072 246 1133 mediocri.
290 1072 423 1150 Namque
438 1072 470 1132 in
492 1091 525 1133 ea
541 1081 625 1134 erant
647 1072 730 1151 pueri
754 1071 971 1146 litteratissimi,
995 1081 1173 1152 anagnostae
1265 1120 1269 1129 ,

93 1157 198 1235 optimi
221 1164 251 1217 et
271 1157 393 1235 plurimi
415 1157 542 1230 librarii,
566 1165 599 1216 ut
614 1176 651 1217 ne
667 1157 861 1236 pedissequus
877 1157 995 1236 quidem
1017 1159 1174 1235 quisquam
1240 1210 1242 1214 a

93 1250 188 1316 esset,
205 1241 255 1321 qui
268 1261 329 1303 non
340 1251 501 1318 utrumque
514 1243 619 1303 horum
631 1243 756 1320 pulchre
767 1242 864 1303 lacere
874 1251 991 1320 posset,
1010 1243 1173 1321 parimodo

93 1328 222 1388 artifices
238 1327 345 1402 ceteri,
368 1345 443 1405 quos
460 1326 556 1387 cultus
572 1328 750 1388 domesticus
766 1327 926 1401 desiderat,
942 1328 1076 1407 apprime
1091 1327 1173 1387 boni.

93 1412 199 1490 Neque
220 1419 317 1473 umen
340 1412 447 1472 horum
471 1430 648 1490 quemqnam
672 1411 729 1472 nisi
744 1411 822 1473 domi
839 1420 940 1472 natum
956 1413 1094 1492 domique
1117 1412 1204 1472 tac-4

93 1505 159 1558 tum
183 1496 302 1571 habuit3
327 1498 406 1574 quod
419 1505 463 1557 est
478 1497 596 1574 signum
608 1516 669 1557 non
682 1498 778 1557 solum
791 1497 1004 1572 continentiae,
1020 1498 1072 1558 sed
1088 1497 1174 1558 etiam

95 1582 281 1660 diligentiae.
326 1581 398 1642 Nam
422 1589 451 1642 et
473 1601 533 1642 non
557 1583 789 1660 intemperanter
813 1582 1041 1660 concupiscere,
1065 1583 1174 1660 quoda
1253 1570 1260 1589 Χ

95 1666 236 1746 plurimis
247 1667 360 1740 videas,
378 1667 559 1728 continentis
571 1667 659 1727 debet
668 1667 753 1742 duci,
770 1676 800 1726 et
809 1667 910 1744 potius
922 1667 1073 1746 diligentia
1085 1686 1173 1745 quam

170 1810 218 1871 13.
246 1819 269 1868 1.
297 1817 347 1867 Fur
373 1816 447 1867 einen
472 1820 550 1882 guten
568 1817 665 1882 Burger
688 1815 758 1867 kann
782 1816 827 1868 der
849 1816 919 1868 nicht
943 1817 1038 1883 gelten,
1055 1816 1175 1881 welcher,
1285 1866 1288 1875 ,

95 1885 149 1936 wie
166 1883 276 1950 Atticus,
293 1884 364 1935 bloss
383 1885 430 1935 mit
447 1885 530 1936 seiner
546 1884 654 1936 Ansicht
672 1885 717 1935 aul
732 1884 818 1936 Seiten
837 1885 881 1936 der
899 1889 979 1951 guten
997 1885 1079 1938 Sache
1097 1885 1174 1949 steht,

96 1954 160 2004 aber
178 1968 223 2004 aus
240 1952 376 2018 Egoismus
394 1952 484 2004 Nichts
502 1952 542 2004 fiir
560 1954 596 2004 sie
613 1952 679 2004 thut.

169 2036 248 2071 emax
274 2020 327 2071 und
354 2020 513 2082 aedificator
538 2021 686 2073 ‘Liebhaber
717 2036 778 2073 rom
804 2020 901 2072 Kaulen
927 2020 979 2073 uud
1006 2021 1111 2073 Bauen’.
1141 2050 1173 2058 —-

96 2089 291 2155 Neque-aon
310 2091 371 2140 ‘erst
387 2088 474 2141 recht’.
511 2088 536 2140 S.
555 2105 587 2140 zu
606 2088 694 2141 Thras.
713 2092 737 2153 2,
756 2091 779 2141 2.

168 2159 290 2208 omnibus
308 2160 415 2222 optimis
432 2159 584 2208 aeduenses
602 2163 642 2208 est
657 2159 760 2223 ‘genoss
778 2157 841 2210 alles
856 2156 957 2209 Beste':
974 2171 1028 2208 was
1046 2156 1174 2208 inWalrr·
1273 2166 1278 2173 ·

94 2225 152 2279 heit
169 2225 215 2276 das
232 2225 310 2277 Beste
330 2239 391 2290 war,
408 2225 494 2277 davon
512 2225 618 2292 entging
635 2224 687 2275 ihm
705 2225 804 2276 Nichts.

168 2295 192 2344 2.
225 2291 414 2358 Pamphilique
441 2293 510 2344 hiess
534 2292 579 2344 das
597 2293 665 2345 Hans
687 2308 739 2343 von
766 2292 861 2344 seinem
878 2292 991 2342 Erbauer
1012 2290 1175 2357 Tamphilus,

96 2376 146 2412 aus
164 2359 210 2412 der
225 2360 331 2411 Familie
357 2360 402 2412 der
426 2360 506 2412 Hann.
533 2364 579 2425 13,
603 2365 611 2412 1
635 2364 790 2426 genannten.
810 2389 839 2398 —-
859 2360 926 2410 siloa
945 2360 1040 2410 ‘Parlr’t
1058 2361 1175 2410 -salis

95 2428 186 2479 ‘Witz'
213 2427 403 2490 (Geschmack);
430 2435 550 2495 sumptas
576 2428 699 2494 ‘Praclrt'‚
725 2427 913 2480 ‘llostbarlreit'.
938 2456 972 2466 -
991 2428 1069 2494 qaid,
1098 2428 1173 2479 ninil.

275 2514 280 2524 .
298 2501 304 2526 t
384 2499 389 2517 t
574 2507 577 2513 ’

96 2502 278 2616 comitialia
297 2512 402 2616 allollle
422 2569 445 2627 1,
463 2567 487 2617 2.
505 2593 538 2602 -
557 2563 664 2625 familia
683 2561 883 2628 ‘Ilienerschalt',
912 2563 953 2615 die
972 2563 1013 2614 bei
1027 2563 1074 2614 den
1088 2549 1175 2615 ‘Altcn

95 2647 146 2684 aus
164 2629 273 2683 Sclaven
290 2633 407 2684 bestand.

168 2702 248 2765 paeri
270 2701 320 2752 wie
343 2701 425 2754 llaun.
446 2703 492 2765 12,
515 2703 540 2752 4.
577 2699 726 2750 litteratus
749 2698 945 2762 ‘unterrichtet'‚
971 2697 1016 2748 der
1040 2697 1096 2749 eine
1114 2703 1175 2763 gute

95 2766 287 2834 Schulbildung
303 2768 357 2821 hat.
392 2768 724 2834 Aaagaoetae-librarit
747 2765 781 2817 ist
804 2766 899 2818 uthere
924 2766 1101 2832 Bestimmung
1123 2781 1174 2816 von

94 2839 181 2903 paeri
204 2835 398 2887 litteratissimi.
434 2836 518 2888 Ueber
541 2835 582 2886 die
600 2834 782 2900 Verwendung
807 2834 853 2886 der
876 2836 984 2886 librarii
1001 2850 1020 2887 s.
1039 2851 1071 2886 zu
1092 2837 1133 2899 14,
1150 2836 1174 2886 2.

167 2904 340 2970 pedissequas
357 2904 407 2956 wie
426 2905 488 2956 Cim.
507 2907 532 2967 4,
550 2906 565 2955 2
584 2902 645 2955 oder
663 2902 840 2955 ‘Nachlaiufer'.
858 2930 893 2938 -
910 2908 1053 2967 aetramqae
1071 2904 1175 2966 torem,

96 2971 178 3090 niipss
195 2971 313 3023 vorlesen
330 2972 383 3024 und
401 2972 544 3036 schreibem
562 2985 617 3023 was
636 2984 682 3022 uus
701 2976 867 3034 anagnostae
883 2985 909 3021 u.
935 2970 1043 3020 librarii
1065 2985 1097 3020 zu
1121 2974 1175 3020 ent-

97 3055 132 3090 ne
179 3054 210 3090 en
229 3039 271 3092 ist.

168 3107 336 3172 parimodo,
354 3107 430 3157 niml.
448 3105 473 3157 in
492 3121 522 3158 ea
541 3109 619 3158 erant.
638 3134 670 3144 —
687 3104 804 3167 artifices
822 3104 1028 3156 ‘llaudarbeiter'.
1056 3103 1175 3155 lueinem

97 3174 541 3296 grpgseu‘lgomisclrlenhlpapsstapde
559 3173 782 3294 wpgeu1lalast4elle
800 3171 974 3224 Haudwerker
991 3175 1128 3224 vertreten.
1140 3201 1173 3210 —

115 3258 189 3293 aa
290 3257 348 3293 einr
416 3258 452 3293 1.
507 3259 739 3294 .zn..

98 3260 112 3294 c
157 3257 291 3377 uapprlell
310 3259 374 3361 laeli
389 3259 467 3374 slent,
485 3310 517 3362 da
536 3259 667 3362 cetericist
685 3282 753 3361 ‘’die
770 3308 883 3372 andern',
901 3307 1096 3374 appositionell:
1114 3309 1175 3357 ‘von

96 3378 252 3445 vorzttglich
269 3382 343 3445 guter
360 3378 582 3431 Beschaffenheit'.
618 3380 748 3445 Apprime
765 3376 830 3428 wird
848 3376 920 3429 nicht
937 3392 988 3428 von
1012 3376 1061 3427 den
1084 3375 1174 3427 beston

95 3445 298 3499 Schriststellern
315 3446 463 3514 gebraucht.

169 3518 193 3568 4.
211 3515 314 3577 factam
332 3516 473 3582 ‘gezogen'.
507 3513 556 3566 Der
574 3513 710 3566 Ausdrucls
727 3511 822 3565 erkltrt
839 3511 894 3563 sich
912 3509 1040 3575 dadurch,
1058 3510 1118 3562 dass
1135 3509 1176 3561 die
1277 3577 1280 3583 Ι

95 3581 210 3634 Sclaven
227 3583 267 3634 tiu
285 3582 357 3635 nicht
374 3583 446 3634 mehr
464 3583 501 3634 als
519 3582 670 3634 Hausthiere
688 3579 833 3648 angeseheu
852 3579 966 3631 worden.

169 3650 327 3717 diligentiae
344 3645 548 3717 uuddiligentia
566 3648 689 3717 (sogleich
706 3665 731 3701 u.
750 3650 765 3713 ξ
784 3652 808 3710 51
827 3645 1176 3715 ‘Sorgfalt'.-aplarimis,

94 3717 178 3772 ndml.
204 3722 365 3785 concupisci.
403 3717 502 3772 Videas
528 3719 563 3770 ist
589 3717 633 3770 der
658 3718 684 3768 in
713 3717 757 3769 der
782 3716 891 3768 aweiten
915 3715 1010 3769 Person
1036 3712 1176 3766 besonders

93 3786 203 3856 hiiuflge
221 3787 384 3840 Potentialis:
404 3789 471 3839 ‘man
488 3816 522 3825 -
539 3787 626 3839 kenn'.
661 3784 765 3852 Madvig
783 3785 799 3852 ξ
819 3787 876 3838 370.
