2580 4372
151 193 191 254 66
591 195 622 246 X.
638 194 739 248 brou.
761 200 785 249 6.
804 198 828 247 7.

151 369 247 430 subita
269 370 467 442 commutatio,
492 368 571 446 quod
593 369 712 430 fortuna
741 386 793 429 sua
815 366 991 443 mobilitate,
1022 388 1115 448 quem
1137 371 1231 450 paulo

119 463 216 515 rante
239 452 390 528 extulerat,
415 454 586 532 demergere
602 463 646 515 est
668 453 776 513 adorta.
807 451 939 513 Primum
961 454 993 513 in
1008 455 1087 529 tilio,
1112 454 1229 535 dequo

150 539 373 599 commemoravi
395 557 501 618 supra,
525 557 607 599 suam
636 538 694 598 rim
724 537 863 599 exercuit.
906 538 979 598 Nam
1009 556 1077 599 cum
1100 559 1229 601 uxorem

148 622 328 697 reduxisset,
358 642 433 702 quae
461 623 509 684 alii
530 624 626 684 fuerat
645 623 766 697 tradita,
795 621 949 700 filiumque
977 624 1064 685 vellet
1085 642 1249 687 revocare

149 709 185 768 ad
198 709 334 769 virtutem
349 728 366 768 a
380 708 494 788 perdita
509 708 635 784 luxuria,
650 707 763 786 accepit
777 707 981 786 gravissimum
992 727 1103 787 parens
1118 710 1230 771 vulnus

120 807 134 857 3
150 802 246 854 morte
260 794 322 853 filii.
351 792 463 854 Deinde
479 802 541 854 orta
558 793 702 854 dissensio
718 800 763 853 est
783 791 860 852 inter
882 811 948 852 eum
976 802 1005 853 et
1019 793 1229 870 Heraclidem3

150 879 217 957 qui,
242 877 321 957 quod
343 877 544 956 principatum
566 896 627 938 non
642 877 839 951 concedebat,
860 877 1018 938 factionem
1034 881 1228 959 comparavit.

149 963 253 1041 Neque
268 962 293 1022 is
308 962 407 1023 minus
421 963 533 1023 valebat
546 963 624 1041 apud
640 963 806 1040 optimates,
829 979 957 1039 quorum
972 981 1124 1024 consensu
1140 984 1230 1045 prae·

119 1055 212 1110 terat
233 1046 336 1123 classi,
359 1065 426 1107 cum
447 1048 523 1108 Ilion
545 1046 704 1108 exercitum
726 1048 893 1124 pedestrem
914 1056 1036 1108 teneret.
1067 1049 1137 1110 Non
1159 1050 1229 1111 tulit

148 1132 206 1192 hoc
221 1133 319 1192 animo
334 1150 427 1210 aequo
439 1133 516 1192 Dion
532 1140 561 1193 et
574 1151 691 1193 versum
706 1132 789 1192 illum
801 1131 921 1192 Homeri
936 1132 1038 1193 retulit
1048 1151 1083 1193 cx
1094 1136 1229 1196 secunda

150 1216 316 1295 rhapsodia‚
331 1216 362 1276 in
378 1235 438 1295 quo
453 1218 525 1278 haec
541 1218 687 1278 sententia
702 1225 761 1278 est:
792 1235 852 1277 non
868 1235 956 1295 posse
977 1215 1054 1279 benc
1076 1219 1143 1296 geri
1165 1238 1229 1281 rem

150 1300 297 1380 publicam
312 1301 474 1362 multorum
489 1301 631 1380 imperiis.
662 1301 747 1372 Quod
769 1301 880 1362 dictum
901 1319 1007 1379 magna
1027 1302 1139 1364 invidia
1154 1322 1230 1365 con-

152 1394 252 1446 secuta
267 1392 319 1445 est.
349 1385 482 1465 Namque
497 1387 649 1465 aperuisse
662 1386 814 1446 videbatur
835 1386 931 1446 omnia
952 1387 983 1446 in
1005 1405 1058 1448 sua
1079 1396 1230 1466 potestate

122 1482 217 1531 besse
231 1469 314 1531 velle.
344 1469 428 1531 Hanc
443 1471 492 1530 ille
509 1490 570 1531 non
592 1471 685 1531 lenire
701 1470 853 1549 obsequio,
870 1472 921 1531 sed
943 1471 1102 1533 acerbitate
1124 1475 1230 1553 oppri-

149 1573 232 1615 mere
247 1554 360 1614 studuit
368 1554 623 1633 Heraclidemque,
638 1573 705 1616 cum
718 1556 877 1633 Syracusas
891 1556 1028 1633 venisset,
1041 1557 1230 1620 interficiun-

151 1639 222 1701 dum
237 1640 357 1700 curavit.

120 1734 135 1793 7
237 1724 323 1795 Quod
344 1725 453 1786 sactum
476 1726 615 1786 omnibus
638 1725 797 1785 maximum
822 1725 958 1786 timorem
985 1725 1102 1786 iniecit:
1139 1744 1229 1787 nemo

153 1810 231 1871 enim
258 1810 308 1868 illo
335 1809 490 1870 interfecto
516 1829 548 1870 se
575 1817 672 1870 tutum
694 1809 823 1887 putabat.
860 1810 913 1871 llle
936 1817 1032 1870 autem
1058 1809 1229 1871 adversario

152 1901 265 1954 remoto
289 1893 425 1953 licentius
448 1912 552 1955 eorum
574 1894 668 1965 bona,
698 1912 773 1971 quos
802 1894 912 1954 sciebat
940 1895 1080 1955 adversus
1102 1913 1136 1955 se
1158 1915 1229 1956 scn-

122 1978 241 2054 2sisse,
263 1977 405 2038 militibus
427 1978 599 2056 dispertivit.
643 1977 758 2048 Quibus
780 1978 889 2054 divisiS,
912 1998 979 2040 cum
1002 1979 1145 2040 cotidiani
1164 1999 1230 2042 ma·

154 2063 225 2123 nimi
246 2064 352 2123 fierent
374 2071 526 2140 sumptus,
551 2062 687 2124 celeriter
707 2063 834 2141 pecunia
857 2063 958 2125 deesse
980 2064 1093 2143 coepit3
1117 2083 1230 2144 neque,

153 2166 212 2226 quo
226 2165 332 2206 manus
346 2147 521 2225 porrigeret,
537 2147 714 2226 suppetebat
726 2146 784 2207 nisi
796 2148 826 2208 in
837 2149 999 2210 amicorum
1011 2149 1230 2227 possessiones.

82 2288 84 2293 .
153 2233 185 2292 ld
202 2231 344 2293 eiusmodi
362 2239 432 2307 erat,
454 2243 496 2308 ut,
520 2251 587 2293 cum
603 2231 712 2293 milites
734 2232 964 2310 reconciliasset,
986 2235 1134 2296 amitteret
1148 2234 1229 2314 opti·

221 2413 248 2474 6.
278 2422 301 2470 1.
327 2434 377 2469 aaa
402 2417 564 2480 mobilitate,
588 2416 692 2468 Ablativ
719 2418 763 2470 der
788 2417 835 2468 Art
859 2418 912 2469 und
940 2417 1037 2469 Weise:
1072 2419 1133 2471 ‘mit'
1166 2420 1231 2472 oder

152 2488 191 2538 ‘in
219 2487 302 2539 seiner
330 2485 585 2552 Unbestiiudigkeit’,
612 2484 888 2538 ‘Verinderlicbkeit'.
915 2515 950 2524 -
977 2492 1015 2536 est
1047 2486 1146 2539 adorta
1179 2489 1231 2541 wie

153 2555 276 2608 Thras2
301 2559 328 2608 ὅ.

220 2626 245 2676 2.
264 2594 414 2672 r’edaaeiseet
431 2619 534 2672 ‘wieder
551 2634 704 2686 genommen
720 2619 808 2672 hatte'.
825 2649 860 2659 -
876 2636 985 2686 pareres,
996 2620 1151 2689 Apposition
1169 2612 1230 2675 zum

154 2690 260 2754 Subject
277 2690 303 2739 in
322 2692 442 2753 accepit.-
466 2691 503 2739 ‘er
526 2686 564 2738 als
582 2686 677 2738 Vater'.
711 2687 795 2739 burch
819 2688 860 2740 die
877 2689 1092 2755 ungewohnliche
1109 2689 1231 2759 Stellnng

155 2757 219 2808 wird
237 2756 283 2807 das
301 2757 375 2807 Wort
391 2755 530 2806 besondcrs
548 2753 766 2820 hervorgehoben.

222 2829 245 2879 3.
261 2826 447 2890 principatum
465 2821 515 2873 wie
533 2821 574 2874 Ar.
595 2825 617 2881 1,
639 2825 661 2873 l.
679 2850 713 2860 -
731 2823 805 2888 apud
823 2826 970 2889 optimates.
997 2823 1128 2876 Vielmchr
1141 2839 1229 2877 waren

153 2893 194 2944 die
212 2892 232 2946 0
252 2891 357 2943 timaten
375 2890 452 2943 bions
470 2889 563 2950 Partei‚
581 2888 727 2956 uieNepos
744 2896 823 2942 unten
841 2907 863 2943 c.
883 2894 907 2956 t,
925 2894 949 2943 2.
968 2894 982 2943 3
1000 2891 1093 2958 richtig
1110 2892 1230 2945 bcmerkt

151 2962 209 3080 galet:
226 2908 380 3081 8{lepaclides
398 2961 493 3012 sttitzte
514 2956 570 3009 sich
587 2956 699 3009 auidas
722 2959 839 3024 gemeine
861 2958 937 3009 Volk.
955 2987 989 2996 —
1011 2959 1160 3026 pedestrem
1177 2960 1231 3013 wie

185 3044 207 3085 c.
286 3067 293 3082 .

221 3065 250 3149 t’
264 3095 359 3146 retulit
374 3095 456 3160 ‘sagte
474 3091 907 3156 Μ’,’τοοίἱίοοὶοἎ-οοοοοοοοάο
925 3094 1083 3160 rhapsodia,
1101 3093 1147 3147 der
1161 3095 1229 3161 llias,

152 3167 218 3218 Vers
236 3166 299 3216 204:
319 3156 367 3212 οὐκ
384 3154 496 3227 ἀγαθὸν
513 3159 714 3226 πολυκοιρανίη·
734 3151 771 3218 εἷς
787 3158 915 3230 κοίρανος
932 3157 1003 3212 ἔστω
1022 3160 1131 3224 (Ἧίοὴὶε
1148 3162 1230 3216 Gutcs

152 3235 187 3286 ist
213 3229 425 3283 Viellrerrschalt:
444 3228 519 3279 Einer
537 3228 574 3279 sei
590 3227 686 3293 Herr‘).·
702 3258 738 3267 —
763 3234 895 3280 scatentia
917 3229 967 3281 wie
994 3230 1069 3282 Paus.
1097 3234 1122 3296 1,
1146 3234 1170 3284 3.
1194 3261 1230 3271 -

152 3302 198 3354 nei
216 3301 281 3352 velle
297 3299 333 3350 ist
350 3297 395 3348 der
412 3295 660 3360 Subjectsaccusativ
676 3314 704 3348 rc
721 3298 893 3365 ausgelassen.

223 3368 247 3426 7,
275 3367 325 3419 Das
348 3364 403 3417 hier
426 3362 570 3416 Berichtete
592 3363 627 3416 ist
648 3364 739 3416 unklar
761 3365 813 3416 und
838 3365 975 3432 unrichtig.
1010 3364 1061 3416 Das
1084 3364 1151 3417 Heer
1173 3381 1231 3418 war

154 3436 233 3487 durch
251 3434 299 3486 den
318 3432 374 3485 Tod
392 3432 437 3484 des
455 3431 600 3484 Heraclides
618 3432 688 3484 nicht
706 3433 865 3485 entlremdet.
899 3434 963 3486 Dion
981 3432 1084 3484 mochte
1103 3433 1173 3499 aber,
1189 3434 1230 3486 als

154 3519 181 3556 er
197 3503 238 3555 die
255 3501 444 3568 Misstimmung
466 3500 529 3552 fiber
552 3501 622 3553 scine
640 3500 796 3553 Gewaltthat
818 3502 878 3567 sah,
900 3502 946 3554 das
963 3500 1113 3552 Bedtiriniss
1130 3501 1230 3565 idblen,

155 3571 273 3624 dasselbe
292 3569 369 3620 durch
388 3568 537 3622 deschenke
554 3568 621 3620 noch
638 3568 715 3620 reste
732 3583 765 3620 an
783 3569 837 3621 sich
855 3586 885 3622 zu
904 3570 1025 3638 knnpten.
1054 3567 1150 3621 >dieser
1165 3569 1229 3620 Aul-

155 3639 231 3691 waud
249 3637 405 3691 verstimmtc
423 3637 464 3689 die
504 3637 635 3703 ptimaten,
654 3637 701 3688 aul
714 3636 790 3688 deren
808 3636 904 3691 Kosten
929 3655 956 3691 er
973 3635 1097 3706 geschab3
1122 3637 1169 3688 uui
1183 3636 1230 3689 der

154 3707 249 3759 andern
266 3705 334 3758 Seite
352 3720 406 3756 war
422 3705 463 3765 die
480 3653 610 3756 fiabsucbt
626 3704 678 3755 und
696 3703 820 3770 Bepierde
837 3705 882 3759 der
900 3706 1021 3759 Soldaten
1038 3703 1167 3771 geweclrt,
1174 3704 1230 3757 und

155 3777 192 3828 sie
215 3789 302 3827 waren
324 3774 477 3839 verstimmt‚
504 3770 534 3824 do
561 3772 598 3824 olt
614 3770 678 3823 Dion
703 3772 749 3823 mit
775 3773 823 3826 den
842 3773 1008 3827 Gescbenken
1025 3773 1085 3823 inne
1103 3772 1174 3825 hielt.
1192 3800 1229 3811 -

156 3844 279 3896 licentias
296 3843 351 3894 ‘mit
368 3859 399 3894 zu
419 3856 519 3909 grosser
536 3837 681 3903 Willluibr',
700 3840 766 3892 olme
783 3842 829 3895 der
845 3844 951 3896 Gesetze
968 3858 1000 3895 zu
1019 3840 1118 3892 achten.
