2580 4372
485 166 534 219 llll.
551 166 742 219 Patsontis
1105 165 1146 228 29

77 342 177 417 cessit,
192 347 235 416 ut,
252 340 302 420 qui
318 340 483 416 efferretur,
499 340 545 401 vix
558 339 722 419 reliquerit.
752 341 817 412 Quo
832 342 941 403 iactum
956 350 1011 418 est,
1025 350 1059 402 ut
1073 342 1149 403 filiae
1162 351 1179 401 a

77 427 143 489 eius
157 425 277 508 publice
288 425 438 487 alerentur
451 434 482 486 et
496 424 531 486 de
546 425 696 487 communi
710 426 822 487 aerario
838 426 955 489 dotibus
965 427 1041 489 datis
1056 427 1148 488 collo-

78 519 226 575 carentur.
256 510 389 572 Decessit
402 519 498 573 autem
513 510 575 572 sere
589 517 657 590 post
677 530 789 573 annum
805 521 952 590 quartum,
969 532 1056 592 quam
1071 513 1149 573 'lhe-

77 597 228 659 mistocles
243 596 368 659 Athenis
383 605 444 657 erat
457 596 607 675 expulsus.

459 712 507 763 llll.
536 711 767 764 PAUSANIAS.

166 785 325 845 Pausanias
354 781 604 844 Lacedaemonius
631 801 757 862 magnus
785 784 891 857 homo,
922 783 974 844 sed
999 783 1098 845 varius
1118 785 1150 844 in

80 869 165 931 omni
185 887 292 948 genere
313 867 388 929 vitae
409 867 480 929 fuit:
502 887 571 929 nam
591 877 625 928 ut
639 868 796 930 virtutibus
818 868 923 941 eluxit,
946 869 988 930 sic
1009 869 1086 930 vitiis
1107 877 1152 930 est

80 955 216 1016 obrutus.
238 953 335 1015 Huius
349 952 580 1015 illustrissimum
595 962 640 1014 est
654 953 800 1033 proelium
814 953 893 1032 apud
903 952 1043 1016 Plataeas
1065 954 1153 1016 Nam·
1167 966 1184 1018 2

81 1058 140 1119 que
154 1040 204 1101 illo
219 1040 294 1100 duce
308 1036 495 1113 Mardonius,
518 1046 648 1118 satrapes
669 1038 778 1118 regius,
801 1039 920 1100 natione
940 1040 1052 1115 Medus,
1074 1041 1153 1118 regis

81 1144 189 1206 gener,
212 1125 243 1185 in
265 1124 369 1205 primis
391 1124 524 1184 omnium
538 1124 696 1186 Persarum
718 1132 748 1184 et
766 1142 856 1185 manu
878 1125 963 1185 fortis
984 1133 1013 1186 et
1037 1126 1155 1187 consilii

79 1211 199 1292 plenus,
216 1228 284 1271 cum
299 1229 332 1270 co
346 1207 466 1269 milibus
482 1209 623 1288 peditum,
640 1228 715 1288 quos
726 1209 835 1270 viritim
850 1210 969 1288 legerat,
983 1218 1011 1272 et
1021 1230 1059 1270 xx
1070 1212 1154 1290 equi-

80 1305 146 1357 tum
159 1295 239 1356 haud
254 1295 295 1355 ita
309 1312 413 1372 magna
427 1313 515 1354 manu
532 1293 670 1356 Graeciae
684 1295 803 1373 lagatus
818 1301 872 1371 est,
893 1313 988 1374 eoque
1010 1296 1075 1375 ipse
1096 1297 1155 1356 dux

82 1381 188 1443 cecidit
209 1379 333 1459 proelio.
370 1378 434 1450 Qua
459 1379 580 1440 victoria
602 1381 695 1441 elatus
716 1380 842 1461 plurima
863 1379 988 1442 miscere
1009 1382 1107 1461 coepit
1126 1389 1185 1443 eta

81 1466 194 1528 maiora
209 1464 430 1544 concupiscere.
469 1465 527 1525 Sed
547 1465 677 1543 primum
698 1467 731 1526 in
747 1484 781 1525 eo
797 1473 842 1526 est
855 1467 1065 1544 reprehensus,
1088 1485 1157 1527 cum

82 1571 120 1613 ex
150 1551 258 1632 praeda
289 1549 435 1628 tripodem
469 1568 591 1610 aureum
624 1551 745 1631 Delphis
769 1551 919 1630 posuisset
948 1551 1157 1630 epigrammate

83 1637 239 1717 inscripto,
261 1634 292 1695 in
314 1653 374 1712 quo
389 1635 462 1695 haec
483 1644 545 1696 erat
559 1636 720 1697 sententia:
747 1654 801 1695 suo
818 1637 907 1697 ductu
922 1635 1063 1697 barbaros
1078 1637 1156 1716 apud
1238 1659 1242 1667 ·

85 1721 216 1783 Plataeas
242 1739 307 1780 esse
331 1719 458 1793 deletos,
485 1719 609 1799 eiusque
635 1720 775 1781 victoriae
796 1738 868 1797 ergo
890 1721 1020 1799 Apollini
1046 1722 1157 1782 donum

86 1805 211 1867 dedisse.
255 1803 317 1865 llos
337 1822 440 1865 versus
460 1804 683 1867 Lacedaemonii
706 1806 934 1884 exsculpserunt
957 1825 1054 1885 neque
1080 1807 1188 1868 aliudt

84 1891 271 1971 scripserunt
282 1908 370 1969 quam
382 1889 501 1951 nomina
513 1909 614 1954 earum
626 1891 784 1965 civitatum,
797 1909 922 1970 quarum
934 1891 1042 1952 auxilio
1052 1891 1159 1955 Persae

84 1986 169 2039 erant
183 1976 260 2038 victi.

171 2061 243 2121 Post
267 2060 296 2120 id
322 2060 468 2139 proelium
496 2063 621 2124 eundem
651 2061 825 2123 Pausaniam
855 2078 921 2123 cum
952 2059 1045 2121 classe
1075 2068 1193 2129 com-2

85 2146 171 2208 muni
193 2144 322 2224 Cyprum
344 2153 431 2223 atque
453 2146 679 2227 Hellespontum
700 2148 860 2220 miserunt,
883 2155 916 2206 ut
936 2164 971 2206 ex
993 2146 1039 2206 his
1061 2148 1159 2226 regio·

157 2284 181 2332 3.
200 2281 336 2331 alerentur
359 2281 527 2332 ‘unterhalten
551 2279 673 2331 wurden’.
697 2310 731 2318 —
755 2284 890 2332 communi
912 2306 946 2326 =
968 2280 1085 2346 publico,
1109 2283 1161 2347 ‘ge-

88 2348 197 2399 meinen’
209 2348 252 2400 der
260 2348 380 2413 Atheneo,
398 2349 468 2400 nicht
476 2348 527 2399 wie
544 2350 567 2466 ξ)
579 2353 601 2399 1.
613 2377 646 2384 -
655 2349 773 2398 Decessit
781 2365 806 2399 u.
816 2364 837 2400 s.
846 2365 880 2400 w.
889 2348 950 2414 Vgl.
961 2365 992 2399 zu
1002 2347 1090 2399 Them.
1103 2351 1161 2411 8,1.

568 2430 698 2468 ausanius.

159 2482 183 2540 1.
205 2487 225 2534 1.
243 2487 335 2533 varias
353 2487 382 2533 in
400 2487 473 2536 omni
488 2500 586 2549 genere
603 2487 675 2534 vitae
693 2483 820 2550 ‘ungleich
841 2483 868 2535 in
886 2483 953 2535 allen
970 2482 1162 2535 Verhtltnisseu

88 2554 134 2606 des
152 2550 266 2602 Lehens'.
284 2581 320 2590 -
337 2553 448 2603 obantes
465 2551 612 2616 ‘verdeckt',
630 2550 807 2603 ‘verdunkelt'.

159 2622 183 2672 2.
201 2621 251 2672 479
269 2635 293 2670 ν.
313 2618 356 2670 ch.
376 2649 407 2658 -
425 2621 635 2672 illustrissimum
650 2620 858 2673 substantivisch.

159 2686 319 2738 Mardonius
343 2703 398 2739 war
421 2688 512 2740 Perser
534 2689 587 2740 und
617 2689 688 2741 maht
710 2688 922 2756 Schwiegersohn
948 2688 993 2740 des
1020 2687 1164 2754 damaligen

88 2756 187 2822 Iidnigs
214 2755 322 2820 Xerxes,
349 2756 458 2807 sondern
484 2757 566 2809 seines
593 2759 684 2809 Vaters
707 2756 804 2810 Darius.
828 2786 858 2795 -
883 2773 965 2808 manu
988 2756 1164 2824 ‘pershnlioh'3

90 2825 199 2878 conatii
214 2824 264 2875 wie
282 2823 370 2875 Them.
389 2829 414 2889 t,
432 2830 456 2878 5.

160 2895 183 2945 3.
202 2893 320 2958 plat-tana
338 2897 448 2943 miseere
471 2893 592 2945 ‘vielerlei
613 2893 742 2945 Umtriehe
765 2910 797 2945 zu
821 2893 951 2956 macheu,
975 2891 1096 2944 ‘vielerlei
1113 2891 1165 2944 Un-

91 2960 209 3027 ordnung
225 2961 394 3013 anzustiften’.

161 3032 190 3079 tn
209 3045 239 3079 eo
261 3028 295 3079 ‘in
321 3028 379 3080 dem
403 3028 526 3080 Punkte’:
546 3029 592 3079 wir
615 3028 777 3094 ‘deswegen’.
795 3058 829 3065 -
847 3045 923 3086 aum,
947 3028 1012 3094 ‘als’,
1030 3027 1088 3088 ‘da’,
1103 3030 1166 3079 statt

93 3097 138 3150 des
156 3096 352 3163 gewhhnlicheu
370 3097 449 3162 qaod.
475 3095 613 3149 Der'ladel
626 3098 712 3162 hezcg
730 3096 785 3147 sich
802 3096 878 3148 nicht
891 3096 936 3147 auf
952 3096 993 3147 die
1004 3096 1167 3161 Auistellung

94 3164 140 3217 des
157 3164 284 3231 goldeneu
302 3164 451 3229 Dreiiusses,
468 3164 577 3216 sondem
596 3163 640 3216 auf
655 3164 696 3216 die
713 3163 831 3216 lnschrilt
848 3165 989 3217 desselben.

163 3234 363 3299 epigrammate.
399 3233 433 3284 Es
459 3248 514 3284 war
537 3234 578 3285 ein
601 3232 748 3298 Distichon,
775 3233 873 3286 welche
891 3233 965 3285 Form
993 3231 1034 3284 die
1059 3230 1167 3282 meisten

93 3298 254 3368 Epigramme
272 3301 369 3353 hatten.
404 3300 543 3353 Sententia
566 3301 712 3354 ‘Gedauke’.
752 3302 905 3354 Debersetze
927 3302 983 3353 ‘mit
1005 3299 1086 3351 einem
1109 3297 1169 3365 Epi-

94 3384 192 3436 gramm
210 3368 293 3422 dieses
310 3368 423 3420 lnhelts'.
605 3380 607 3384 ·

163 3452 228 3501 ergo
247 3439 366 3504 ‘wegen’,
384 3452 431 3488 nur
448 3437 474 3486 in
491 3436 639 3490 lnschriften
657 3437 709 3489 und
728 3437 762 3489 im
781 3435 960 3489 Gurialstil.—-
972 3433 1168 3499 dediernn‘aml

93 3519 201 3625 {emmas
218 3506 307 3624 lpasser
323 3504 489 3571 hinzugeiuigt
507 3506 583 3572 wire,
600 3505 633 3557 da
651 3505 695 3558 der
711 3503 920 3572 vorhergehende
938 3501 983 3553 lnl.
1002 3502 1044 3555 ein
1061 3502 1168 3554 anderes

112 3573 201 3637 uject
236 3578 270 3626 at.
604 3600 606 3604 >

162 3645 187 3695 4.
206 3642 361 3707 easculpere
378 3640 412 3692 ist
430 3656 477 3692 nur
495 3641 549 3693 hier
566 3642 591 3691 in
616 3641 661 3693 der
677 3639 828 3705 Bedeutung
845 3638 1023 3703 ‘auskratzen',
1041 3637 1169 3704 ‘wegmei

95 3709 172 3762 sseln'
191 3710 338 3776 gebraucht.

165 3771 193 3833 2.
215 3781 236 3829 1.
255 3782 303 3830 att
323 3794 348 3830 r.
366 3776 409 3829 Ch.
428 3807 461 3814 —
480 3781 619 3829 communi.
645 3775 841 3829 Deutlicherhr.
859 3778 883 3835 2,
902 3776 917 3826 2
936 3777 1070 3826 communi
1087 3774 1169 3825 elaeae

100 3842 237 3898 Graeciae.
256 3876 289 3885 —
307 3847 515 3914 Hellespontum.
552 3845 578 3900 S.
596 3862 629 3897 au
646 3845 710 3901 Mitt.
730 3850 753 3910 1,
772 3848 794 3896 1.
