2580 4372
541 172 572 224 x.
590 170 673 222 uon.
692 173 717 223 e.
921 128 927 137 ’
1123 167 1163 227 or

92 352 194 405 matos.
246 343 378 414 Quarum
408 361 509 407 rerum
539 364 610 406 cura
641 343 832 422 frangebatur
863 352 892 404 et
923 344 1059 404 insuetus
1090 342 1196 405 malet
1280 348 1283 355 '

91 427 230 488 audiendi
246 446 308 489 non
323 429 422 489 animo
436 448 531 508 aequo
553 430 666 492 ferebat
687 430 723 490 de
744 448 776 489 se
791 428 826 488 ah
842 428 878 489 iis
900 428 975 488 male
997 427 1164 502 existimari,

92 529 221 589 quorum
243 512 331 591 paulo
354 523 422 574 ante
444 514 475 575 in
498 515 612 576 caelum
633 516 729 576 luerat
751 513 844 574 elatem
864 512 1009 574 laudibus.
1053 512 1166 592 Vulgus

93 606 191 656 autem
207 597 319 658 ollensa
340 599 371 659 in
387 616 455 658 eum
476 599 602 660 militurn
624 600 775 660 voluntate
795 599 917 659 liberius
939 596 1115 676 loquebatur
1137 606 1166 659 et

91 688 249 760 tyrannum
266 702 328 743 non
343 684 498 744 serendum
514 684 671 745 dictitabat.

179 765 258 826 llaec
272 767 323 829 ille
337 769 459 829 intuens
474 787 557 844 cum,
574 768 828 848 quemadmodum,
835 768 959 841 sedaret,
975 766 1103 828 nesciret
1125 773 1165 842 et,
1179 769 1199 832 8

94 868 238 928 quorsum
249 853 415 927 evaderent,
427 853 552 930 timeret,
565 853 732 915 Callicrates
744 852 871 930 quidam,
883 851 954 913 civis
966 851 1165 927 Athenionem,

95 933 147 1014 qui
162 935 249 997 simul
265 955 333 998 cum
349 956 384 998 eo
400 956 436 999 ex
450 937 659 1017 Peloponneso
681 939 712 999 in
736 937 864 998 Siciliam
886 944 1015 1011 venerat,
1031 937 1120 996 homo
1136 943 1166 996 et

94 1019 217 1080 callidus
233 1029 261 1080 et
276 1023 312 1082 ad
326 1022 460 1083 fraudem
475 1031 589 1098 acutus
606 1024 670 1084 sine
685 1023 744 1083 ulla
758 1022 903 1100 religione
917 1040 951 1082 ao
965 1021 1031 1095 fide,
1057 1020 1117 1081 adit
1131 1020 1167 1080 ad

92 1103 219 1165 Dionem
235 1112 264 1165 et
279 1106 332 1166 ait:
349 1126 418 1168 eum
432 1125 539 1186 magno
556 1107 586 1168 in
602 1107 736 1187 periculo
753 1126 817 1167 esse
832 1114 956 1185 propter
971 1105 1166 1166 offensionem
1180 1109 1196 1160 2
1262 1132 1266 1137 ·

92 1189 198 1268 populi
213 1200 242 1251 et
257 1189 357 1252 odium
372 1192 508 1267 militurn,
524 1192 605 1271 quod
625 1192 708 1253 nullo
730 1192 818 1251 modo
841 1191 948 1252 evitare
968 1196 1086 1270 posset,
1108 1188 1166 1250 nisi

93 1357 189 1428 Quem
204 1360 229 1419 si
244 1359 406 1422 invenisset
420 1361 569 1438 idoneum,
584 1362 671 1423 laoile
692 1361 826 1422 omnium
841 1361 955 1422 animos
976 1359 1167 1436 cogniturum

92 1442 334 1523 adversariosque
354 1445 556 1521 sublaturum,
578 1447 658 1525 quod
680 1446 877 1507 inimicicias
902 1444 1070 1506 dissidentis
1096 1462 1167 1505 snos

92 1545 200 1588 sensus
215 1530 347 1607 aperturi
362 1530 468 1591 forent.
498 1531 562 1591 Tali
578 1531 702 1592 consilio
718 1531 841 1610 prohato
857 1530 972 1608 excepit
993 1529 1045 1589 has
1068 1537 1167 1608 partes
1182 1533 1197 1584 3

92 1612 158 1689 ipse
174 1611 341 1674 Callicrates
356 1624 385 1675 et
400 1634 431 1675 se
447 1623 540 1676 armat
554 1615 752 1695 imprudentia
766 1614 885 1687 Dionis;
908 1615 944 1675 ad
965 1632 1033 1674 eum
1054 1613 1167 1674 interfi-

94 1696 237 1757 ciundum
252 1699 349 1759 socios
365 1701 524 1778 conquirit,
537 1700 716 1762 adversarios
727 1700 792 1761 eius
804 1699 951 1775 convenit,
963 1697 1168 1758 coniuratione
1244 1704 1247 1709 '

51 1785 54 1791 '
94 1781 257 1842 confirmat.
287 1783 356 1859 Res,
371 1785 472 1845 multis
488 1785 615 1846 consciis
631 1803 706 1863 quae
721 1794 884 1863 gereretur,
900 1783 974 1845 elata
989 1782 1120 1842 delertur
1131 1782 1167 1842 ad
1181 1789 1197 1837 4

92 1864 329 1943 Aristomachen,
345 1886 480 1929 sororem
493 1870 607 1943 Dionis,
623 1888 805 1948 uxoremque
820 1869 941 1929 Areten.
977 1867 1046 1927 lllae
1061 1866 1167 1927 timore

91 1951 267 2028 perterritae
283 1953 473 2030 conveniunt,
490 1955 575 2015 cuius
591 1954 627 2014 de
642 1954 775 2034 periculo
790 1954 941 2015 timebant.
965 1953 1002 2012 At
1016 1952 1066 2013 ille
1080 1959 1168 2030 negat

92 2053 109 2094 a
126 2032 278 2096 Callicrate
293 2038 357 2098 fieri
373 2037 429 2098 sihi
442 2039 575 2114 insidiaS,
590 2040 642 2101 scd
656 2039 714 2114 illa,
731 2057 806 2118 quae
821 2045 989 2117 agerentur,
1004 2036 1068 2096 fieri
1082 2054 1167 2117 prae-

93 2127 181 2197 cepto
197 2139 261 2181 suo.
292 2121 431 2183 Mulieres
446 2124 539 2184 nihilo
560 2125 651 2186 setius
668 2122 851 2185 Callicratem
874 2123 905 2184 in
928 2122 1028 2184 aedem
1043 2121 1166 2182 Proser·
1181 2127 1196 2178 5

163 2322 186 2370 3.
205 2320 386 2385 frangebatur
409 2322 459 2373 wie
483 2322 571 2376 Them.
597 2328 620 2388 1,
645 2326 668 2376 3.
689 2351 719 2360 -
737 2324 807 2374 rnolc
825 2323 921 2372 audire
944 2321 979 2372 ‘in
997 2320 1083 2371 irblem
1101 2319 1166 2371 Rufe

91 2384 237 2437 stehn‘.--
255 2389 358 2450 offensa
375 2391 512 2442 uoluntate
529 2393 631 2458 ‘wenn‘,
648 2393 686 2443 ‘so
704 2391 741 2441 ost
762 2390 803 2442 die
821 2387 966 2455 Stimmuug
984 2388 1080 2455 gercizt
1096 2390 1166 2441 war'.

91 2481 127 2490 -
145 2453 289 2507 dictitabat
303 2460 407 2509 ‘nannte
424 2457 485 2510 ihn’.

163 2514 189 2576 8.
211 2526 232 2573 1.
250 2524 344 2576 sedare
361 2525 443 2577 ‘Ruhe
460 2525 564 2577 stisten'.
597 2525 632 2576 lm
656 2524 833 2576 Lateinischen
857 2524 892 2575 ist
909 2523 969 2574 aher
987 2536 1032 2573 aus
1051 2523 1116 2573 haec
1132 2537 1167 2575 zu

91 2588 189 2639 sedare
205 2589 251 2642 das
269 2590 360 2656 Ohject
378 2594 428 2645 wie
440 2610 473 2646 zu
490 2593 634 2644 evaderent
650 2592 696 2644 das
713 2592 819 2656 Suoject
836 2607 868 2643 zu
886 2590 994 2642 denhen.

165 2655 328 2712 Callicrates.
363 2660 440 2713 Nicht
458 2677 487 2713 so
504 2661 573 2713 hiess
597 2661 679 2712 dieser
696 2660 815 2725 Mensch,
839 2658 949 2711 sondcrn
969 2658 1114 2726 Callippue.

163 2727 228 2774 ciete
254 2727 431 2780 Atheniensis.
466 2729 493 2782 S.
515 2744 547 2780 zu
571 2728 659 2781 Them.
686 2731 742 2792 1,2
766 2729 996 2779 Halicarnassiam
1023 2729 1114 2778 civem.
1133 2754 1167 2765 -

91 2792 175 2842 eimul
190 2791 240 2844 wie
257 2794 312 2847 Alc.
331 2799 355 2861 5,
373 2800 397 2848 4.
417 2826 448 2836 -
468 2798 599 2861 religione
615 2796 775 2849 ‘Gewissen‘:
794 2794 902 2848 deutsch
918 2793 1074 2856 stae-fide
1092 2794 1167 2846 ‘ohne

91 2858 160 2910 'l'reu
177 2860 229 2911 und
246 2861 377 2916 Glauheu'.

162 2930 187 2979 2.
206 2929 318 2992 offensio
336 2931 549 2999 ‘Misstimmung’.
565 2961 600 2970 -
617 2932 696 2998 quod,
710 2931 860 2999 pericnlum.
877 2959 912 2970 -—
929 2933 978 2996 qui
993 2929 1062 2981 ‘dass
1080 2931 1123 2981 er'.

163 2995 245 3059 Quem
263 3001 288 3048 ei
304 3001 449 3051 inuenisset
466 3000 591 3050 idoneum
608 3000 693 3051 ‘wcnu
711 3014 737 3050 er
755 2999 829 3051 einen
847 2997 959 3062 solchen,
978 2996 1022 3049 der
1040 2996 1104 3048 dazu
1123 3012 1166 3064 ge·

92 3064 180 3130 eignet
192 3067 288 3130 nare,
310 3067 437 3133 gcfnndeu
460 3068 549 3120 hatte.
584 3067 711 3118 Idoneum
728 3067 761 3118 ist
777 3065 931 3134 Apposition
949 3080 982 3116 zu
999 3081 1088 3130 quern,
1114 3065 1167 3115 und

92 3131 148 3182 dies
169 3131 272 3196 Relativ
299 3135 448 3187 bezeichnet
474 3136 601 3201 aliquem,
628 3138 677 3201 qui
698 3151 726 3185 ee
747 3135 889 3186 simularet
914 3136 939 3184 ei
963 3134 1110 3183 inimicum.
1132 3161 1167 3169 -

93 3199 255 3265 discidentis,
272 3202 422 3255 Accusativ:
440 3203 696 3270 ‘widerspdustigen’.
713 3231 747 3240 —
764 3203 856 3265 foreat
872 3201 922 3253 wie
939 3199 1000 3268 Lys.
1019 3203 1043 3262 3,
1061 3204 1085 3252 5.

163 3271 187 3321 3.
207 3267 275 3320 Tali.
302 3270 328 3323 S.
346 3287 379 3323 au
396 3271 484 3324 Them.
503 3274 529 3335 2,
547 3275 615 3325 8.-
630 3274 736 3337 excepit
751 3269 906 3322 ‘tahernahm¹
924 3265 1166 3333 (cigentlich‘nahm

92 3335 169 3401 ans);
184 3343 279 3403 partes
296 3338 394 3392 ‘Rolle'.
411 3369 445 3377 -
463 3342 605 3391 conuenire
623 3339 740 3406 aliquem
763 3339 818 3392 hier
841 3336 893 3389 und
917 3333 1029 3386 hernach
1051 3333 1107 3384 ‘mit
1123 3333 1166 3385 Je-

91 3404 211 3456 mandem
227 3406 369 3473 sprcchen’.
389 3437 423 3447 -
442 3410 629 3459 coniuratione
647 3405 790 3468 confirmat
810 3402 949 3468 ‘hestdrlrt',
966 3401 1112 3469 ‘ermuthigt
1129 3401 1167 3454 sie

92 3471 173 3524 durch
190 3475 330 3540 gegenseitl
351 3490 382 3526 en
400 3475 523 3528 Schwur'.
974 3536 980 3548 .

161 3544 186 3592 4.
205 3539 304 3595 Constr.
346 3561 381 3608 ee,
399 3560 468 3610 quae
485 3544 576 3594 multia
594 3545 707 3594 correctis
725 3540 848 3606 (ablativi
871 3536 991 3600 ahsolutrt
1012 3542 1163 3602 gereretur.

91 3607 138 3659 llio
155 3609 270 3661 Ablativi
287 3611 397 3663 absoluti
415 3613 472 3663 siud
490 3611 697 3678 voreulgestellt,
720 3609 780 3662 weil
798 3609 836 3660 sie
853 3606 903 3685 den
920 3605 977 3657 'lon
993 3604 1084 3657 haheo.
1116 3603 1166 3659 Der

93 3676 246 3739 Coniunctiv
265 3678 341 3745 steht,
359 3679 420 3731 weil
437 3680 482 3731 der
499 3679 657 3732 Relativsatz
675 3676 724 3729 den
743 3674 828 3730 Grund
845 3673 943 3740 angrbt.
1216 3738 1218 3742 .

164 3750 326 3798 conueniunt
351 3751 443 3813 (enm),
471 3751 547 3800 cuiue
570 3763 594 3799 u.
619 3763 641 3800 s.
664 3761 697 3798 u.
714 3777 749 3784 —
766 3744 879 3797 incidiae
902 3741 1044 3792 ‘Attentat’.
1061 3767 1094 3778 -
1111 3738 1166 3790 red.

91 3839 117 3891 s.
136 3846 168 3883 au
185 3828 248 3880 Cim.
268 3829 290 3891 l,
308 3829 332 3878 4.

978 3909 1011 3960 5*
