2580 4372
155 190 216 252 122
528 197 615 249 xvtfl.
632 196 791 249 firmes
812 200 853 250 13.

28 442 34 453 ,
154 380 253 432 essent
275 372 350 431 male
372 371 472 445 habiti,
494 382 528 433 ut
549 390 638 451 saepe
660 372 698 432 ad
718 371 955 451 desperationem
977 370 1076 430 lorent
1098 368 1230 445 adducti,
1253 418 1256 425 .

123 464 138 515 2
152 454 264 533 quique
279 456 420 517 maximos
434 457 525 518 duces
539 457 746 532 interfecisset,
761 456 890 534 denique
911 456 942 515 in
957 474 1018 533 quo
1033 474 1096 517 uuo
1113 464 1232 516 tantum

155 548 243 613 esset,
260 550 301 615 ut,
318 543 414 620 quoad
430 543 480 603 ille
493 543 618 616 uiseret,
641 543 698 620 ipsi
714 541 813 602 securi
828 560 893 602 esse
909 560 970 601 non
986 550 1120 621 possent,
1135 541 1229 602 inter·

152 624 230 684 teoto
245 625 318 686 nihil
333 627 461 688 habituri
476 629 589 706 negotii
604 636 712 701 essent,
727 637 887 706 postremo,
903 627 928 687 si
942 626 984 687 illi
999 627 1138 687 redderet
1150 626 1229 687 salu-

153 717 229 783 tem,
252 712 447 790 quaerebant,
470 713 579 791 quibus
601 711 703 773 amicis
725 719 802 772 esset
824 726 949 773 usurus:
970 730 1036 773 sese
1058 712 1138 773 enim
1161 729 1229 772 eum

123 794 287 857 tEumene
302 798 380 875 apud
395 816 464 859 eum
487 817 548 858 non
570 799 695 859 loturos.
725 796 781 859 llio
803 797 920 876 cognita
941 797 1059 857 consilii
1080 796 1229 857 voluntate

79 940 82 945 .
152 888 249 941 tamen
262 884 405 961 usquead
420 883 579 962 septimum
594 884 673 944 diem
688 883 869 943 deliberandi
883 883 939 943 sibi
954 883 1083 961 spatium
1098 881 1228 962 reliquit.

151 964 177 1025 T
179 983 228 1025 um
251 976 359 1041 autem,
382 986 449 1029 eum
473 968 530 1029 iam
551 976 713 1041 vereretur,
735 988 774 1029 ne
796 986 854 1046 qua
876 968 981 1029 seditio
1003 968 1154 1029 exereitus
1167 967 1224 1027 ori·

151 1057 244 1125 retur,
268 1054 358 1114 vetuit
381 1072 558 1133 quemquam
581 1054 617 1115 ad
639 1072 707 1114 eum
729 1053 841 1113 admitti
864 1062 894 1113 et
917 1053 1098 1113 cotidianum
1118 1053 1228 1114 vietum

151 1138 296 1197 removeri
311 1138 406 1200 iussit.
429 1139 502 1199 llam
517 1140 643 1217 negabat
657 1158 689 1199 se
704 1139 731 1199 ei
746 1139 803 1199 rim
818 1139 985 1213 allaturum,
1001 1139 1054 1216 qui
1068 1138 1227 1217 aliquando

121 1220 256 1282 eluisset
270 1223 391 1284 amicus.
420 1223 475 1285 llic
490 1232 588 1284 tamen
603 1243 665 1285 nou
681 1224 808 1304 amplius
823 1242 911 1302 quam
927 1224 1058 1284 triduum
1072 1223 1150 1285 same
1161 1223 1228 1284 lati·

151 1315 246 1385 gatus,
262 1326 329 1368 eum
346 1316 439 1370 eastra
454 1309 823 1384 moverentur,'inseiente
838 1310 987 1388 Antigono
1010 1309 1162 1388 iugulatus
1183 1317 1229 1369 est

151 1408 167 1451 a
182 1392 363 1455 custodibus.

104 1478 142 1541 13
238 1477 288 1538 Sie
302 1478 451 1539 Eumenes
466 1497 614 1540 annorum
629 1497 646 1535 v
662 1489 691 1541 et
705 1498 758 1553 ιι,
775 1497 842 1540 eum
858 1479 895 1539 ab
910 1497 988 1540 anuo
1011 1478 1162 1553 vicesimo,
1183 1478 1228 1539 uti

152 1580 242 1641 supra
258 1564 450 1638 ostendimus,
466 1582 504 1623 vn
519 1583 613 1625 annos
627 1564 766 1644 Philippo
781 1564 976 1643 apparuisset,
992 1583 1043 1624 xm
1063 1563 1143 1642 apud
1159 1563 1227 1624 Ale-

150 1648 296 1709 xaudrum
311 1649 439 1710 eundem
453 1649 552 1710 loeum
568 1649 754 1725 obtinuisset,
777 1650 809 1709 iu
830 1649 877 1710 his
899 1668 994 1709 unum
1015 1649 1151 1727 equitum
1165 1648 1227 1710 alae

149 1733 336 1813 praefuisset,
351 1745 419 1813 post
433 1743 530 1795 autem
546 1735 704 1797 Alexandri
718 1734 817 1813 Magni
832 1742 958 1795 mortem
970 1734 1133 1814 imperator
1142 1752 1227 1796 exer*

152 1818 228 1880 citus
242 1818 373 1880 duxisset
388 1838 579 1899 summosque
595 1822 686 1882 duces
700 1819 807 1900 partim
822 1819 989 1899 repulisset,
1005 1819 1112 1899 partim
1133 1818 1227 1881 inter·

150 1902 279 1978 lecisset,
295 1912 398 1984 eaptus
413 1924 473 1967 non
490 1906 631 1986 Antigoni
653 1907 769 1979 virtute
793 1906 844 1966 sed
866 1904 1060 1965 Macedonum
1082 1904 1226 1984 periurio,

122 1988 238 2051 ttalem
253 1989 356 2050 habuit
371 1991 482 2052 exitum
496 1990 580 2053 vitae.
609 1991 643 2052 lu
660 2009 720 2070 quo
736 1998 845 2069 quauta
861 1990 993 2052 omnium
1016 1990 1108 2051 fuerit
1122 1990 1225 2069 opinio

153 2092 266 2150 eorum,
281 2075 332 2152 qui
348 2084 416 2153 post
438 2075 636 2137 Alexandrum
650 2077 790 2154 Magnum
814 2094 898 2153 reges
921 2084 992 2136 sunt
1012 2074 1168 2155 appellati,
1192 2093 1227 2136 ex

217 2224 288 2274 mole
305 2225 402 2275 loedere
420 2226 535 2291 aliquem
552 2227 593 2279 bei
610 2242 659 2278 uns
676 2227 701 2277 in
720 2227 765 2278 der
782 2224 972 2292 Vollrsspraohe
989 2223 1148 2276 ‘demandent
1167 2224 1226 2277 libel

150 2292 311 2423 mitspieleu'.
337 2293 489 2372 llelrersetze
507 2293 595 2347 ‘dureh
612 2294 661 2346 den
680 2311 707 2347 es
725 2296 802 2347 ilmen
819 2309 849 2346 so
867 2293 982 2346 selrleoht
1000 2294 1226 2360 ergangenwa'rre'.

150 2390 184 2399 —
216 2365 293 2413 orent
311 2376 359 2413 wie
375 2362 433 2430 Lys.
453 2365 478 2428 3,
496 2366 520 2415 5.

219 2432 243 2481 2,
262 2432 291 2479 in
310 2430 400 2495 alique
420 2437 524 2483 tontum
549 2437 588 2481 est
610 2430 727 2482 ‘demand
750 2430 784 2481 ist
806 2445 857 2481 von
880 2429 980 2481 seleher
1003 2428 1173 2496 Bedeutung'.
1192 2456 1227 2467 -

149 2498 389 2619 fsssssssssssssssslpm
408 2499 498 2564 quoad
515 2499 561 2550 ille
579 2501 679 2549 vireret
694 2499 728 2551 ist
745 2498 793 2549 illo
819 2514 850 2549 zu
870 2499 1004 2564 ergimzen.
1028 2524 1063 2535 -
1085 2500 1226 2562 metium
1256 2589 1259 2595 Ι

219 2606 349 2698 redderet,
367 2633 427 2685 weil
447 2650 473 2685 er
491 2649 518 2686 es
535 2633 561 2685 in
579 2634 662 2687 seiner
678 2633 779 2686 Gewalt
795 2633 875 2698 halle,
892 2632 946 2685 also
964 2632 1102 2699 gleichsam
1127 2633 1225 2686 besens.

150 2701 304 2787 llelrersetze
321 2703 375 2787 ‘das
394 2702 476 2754 Leben
495 2701 642 2754 sehenlsen'.
660 2730 694 2740 -
711 2706 753 2753 ull
771 2702 862 2767 aliquo
888 2704 974 2751 amieo
998 2698 1147 2753 ‘demanden
1166 2716 1225 2754 zum

151 2768 482 2901 treupilellppopnoffiinativ
492 2835 537 2888 des
547 2837 711 2889 Pronomens.
722 2863 752 2873 »-
763 2839 895 2889 removeri
909 2835 969 2887 ‘ihm
984 2840 1111 2903 entzogen
1120 2836 1226 2889 werde'.
1254 2882 1263 2897 ,

219 2907 267 2969 qui
283 2904 379 2987 faedaret
396 2907 504 2969 amicus,
523 2905 634 3005 welelper
651 2921 683 2957 zu
700 2905 752 3002 ihm
770 2907 795 2986 ip
820 2903 1092 3026 ‘iefffuffgemitigen
1112 2904 1225 2957 Freuod-

152 2972 726 3109 ‘⁰¹¹⁸lt⁰‘l¹.²llt:tt⁵t¹¹lt¹l”lull
739 2990 808 3107 sf‘l?
824 3071 855 3082 ..
873 3011 959 3094 ooo
977 3054 1131 3107 guone„
1155 3040 1225 3093 wn-

150 3108 199 3161 den
218 3108 258 3161 die
276 3108 371 3161 Zahlen
389 3112 431 3175 20,
449 3112 473 3173 l,
493 3112 524 3162 13
542 3110 593 3161 und
613 3115 626 3162 'l
647 3119 700 3172 lum
717 3111 767 3163 wie
784 3109 851 3161 viele
867 3109 944 3161 lehre
962 3123 989 3160 er
1012 3107 1062 3159 den
1080 3107 1224 3160 Alexander

151 3177 291 3241 llberlelrte)
310 3181 340 3231 Al
351 3177 541 3296 lehreupehem
560 3179 621 3231 aber
636 3179 678 3231 bei
691 3180 771 3243 jeneu
780 3178 953 3244 Zeitangohen
970 3175 1029 3229 sind
1040 3175 1225 3229 unvoueotete

148 3244 226 3299 Jahre
244 3244 282 3297 als
300 3244 367 3297 velle
383 3261 448 3339 gezo
464 3244 493 3325 lt.
543 3314 548 3330 ‚
875 3313 881 3325 .
1078 3311 1083 3322 Ι

147 3312 627 3448 j2.„Alltlltlllllllllun
653 3311 1224 3446 talttllnllltlltltt,ltu

149 3464 177 3501 er
193 3450 283 3503 lmmer
299 3450 344 3504 der
360 3448 539 3517 Angegrid'ene
557 3465 619 3502 war.

219 3518 297 3569 talem
316 3520 411 3569 debuit
428 3520 529 3568 emitum
547 3521 625 3570 vitae.
660 3518 732 3569 Naeh
750 3519 807 3570 dem
830 3520 870 3568 eie
893 3533 924 3569 zu
943 3514 1043 3582 Aniang
1067 3515 1144 3567 sollte
1166 3515 1224 3568 ltier

150 3584 287 3652 elgeutlieh
304 3586 375 3665 lrloss
393 3586 434 3638 ein
452 3586 580 3640 einfaeltes
600 3586 717 3651 Verbum,
736 3586 786 3638 wie
804 3588 934 3648 oeeuloit,
952 3584 1039 3644 stelrm
1054 3597 1160 3662 ,wesen
1177 3582 1224 3636 der

147 3652 233 3721 Llrrge
259 3653 304 3706 der
320 3654 524 3707 Zwrselrensitze
550 3655 584 3708 ist
600 3655 661 3708 aber
682 3657 758 3719 jenes
784 3657 823 3705 ete
846 3652 957 3721 possend
980 3650 1018 3704 als
1035 3650 1106 3703 nieht
1123 3655 1225 3718 gesetzt

145 3721 296 3843 Μηὲηῗνξ
307 3806 359 3856 quo
378 3791 427 3842 wie
445 3791 499 3841 Ale.
519 3794 542 3853 3,
560 3795 576 3843 5
594 3794 623 3841 in
642 3806 679 3842 eo.
705 3822 737 3833 -
760 3790 914 3855 procreetur
938 3786 1114 3839 ‘Statlhelter’.
1148 3787 1223 3843 Naelr

145 3875 221 3912 nemo
240 3858 304 3911 wird
322 3858 360 3909 olt
377 3874 435 3910 zum
453 3862 713 3926 eulgegengeselzten
731 3858 819 3912 Gliede
837 3860 947 3924 putoque
965 3855 1101 3923 gedaelrt„
