2580 4372
476 147 552 200 xxv.
571 146 718 201 Arrlous.
737 149 778 199 22.
1104 142 1162 201 177
1253 190 1258 207 t

92 320 263 380 intestinum
293 321 446 400 prorupit,
470 329 502 380 ut
531 327 660 382 extremo
683 328 817 399 tempore
837 339 892 399 per
913 319 1028 379 lumbos
1048 320 1164 382 fistulae
1184 305 1187 309 ’
1262 338 1269 359 '-

90 405 176 483 puris
202 406 364 484 eruperint.
410 407 505 484 Atque
519 405 578 466 hoc
592 407 765 485 priusquam
781 407 807 466 ei
823 406 985 480 accideret,
1008 413 1195 484 postquamt

90 492 121 550 in
146 490 209 550 dies
232 491 348 551 dolores
370 509 538 552 accrescere
560 491 718 572 febresque
740 492 898 552 accessisse
920 490 1028 559 sensit,
1058 493 1164 570 Agrip·
1254 482 1260 499 '

89 593 157 653 pam
180 593 323 653 generum
344 577 379 636 ad
401 596 434 637 se
453 577 564 636 accersi
585 576 672 637 iussit
687 583 798 636 etcum
813 596 848 637 eo
863 577 895 637 L.
913 575 1083 637 Cornelium
1097 577 1164 636 Bal-

88 660 161 721 bum
176 661 356 740 Sextumque
371 661 565 722 Peducaeum.
616 661 678 722 Hos
698 669 732 722 ut
754 663 869 723 venisse
883 662 969 735 vidit,
984 661 1015 722 in
1033 661 1164 722 cubitum
1179 670 1194 717 t

89 745 210 806 innixus
234 748 393 819 Quantam,
423 747 537 825 inquit,
560 764 660 806 curam
684 747 922 826 diligentiamque
944 746 1163 809 invaletudine

89 849 155 890 mea
176 833 285 892 tuenda
307 832 364 892 lroe
385 839 519 910 tempore
541 832 741 914 adhibuerim,
764 851 831 892 cum
853 852 905 892 vos
926 840 1017 894 testes
1031 832 1163 906 habeam,

91 915 165 976 nihil
187 935 307 978 necesse
330 925 375 978 est
395 917 531 996 pluribus
552 917 649 977 verbis
672 935 910 978 commemorare.
955 916 1069 987 Quibus
1089 937 1164 996 quo·

92 1001 188 1076 niam,
203 1010 237 1063 ut
247 1021 350 1082 spero,
363 1002 505 1076 satisfeci,
520 1020 568 1062 me
580 1002 653 1062 nihil
665 1002 770 1081 reliqui
782 1003 902 1074 fecisse,
919 1003 996 1081 quod
1010 1003 1044 1062 ad
1057 1021 1164 1063 sanan·
1250 1046 1255 1069 ,

92 1086 163 1146 dum
178 1105 225 1147 me
239 1089 418 1166 pertineret,
435 1087 582 1166 reliquum
598 1095 657 1160 est,
673 1097 707 1148 ut
722 1096 837 1166 egomet
851 1088 923 1149 mihi
939 1088 1101 1148 consulam.
1131 1087 1162 1147 ld

92 1190 144 1231 vos
172 1173 308 1249 ignorare
338 1173 430 1233 nolui.
474 1172 546 1232 Nam
574 1173 646 1232 mibi
677 1181 732 1234 stat
755 1173 832 1234 alere
859 1174 997 1234 morbum
1019 1173 1194 1233 desineret

90 1256 224 1335 Namque
238 1258 284 1318 his
299 1257 403 1318 diebus
418 1257 561 1336 quidquid
577 1257 633 1318 cibi
649 1259 777 1337 sumpsi,
811 1259 849 1319 ita
864 1259 991 1337 produxi
1006 1258 1109 1332 vitam,
1131 1266 1165 1318 ut

91 1343 221 1402 auxerim
237 1343 354 1403 dolores
369 1343 433 1404 sine
448 1361 501 1421 spe
515 1343 626 1403 salutis
685 1343 781 1414 Quare
795 1363 810 1404 a
826 1344 908 1404 vobis
923 1352 1009 1422 peto,
1024 1343 1163 1423 primum,

92 1436 126 1486 ut
141 1427 297 1487 eonsilium
312 1428 443 1507 probetis
459 1447 574 1501 meum,
590 1428 710 1502 deinde,
734 1449 772 1489 ne
786 1430 896 1491 frustra
909 1429 1093 1500 dehortando
1109 1429 1164 1488 iru-
1256 1448 1262 1455 ·

90 1512 193 1590 pedire
208 1513 366 1573 conemini.
420 1513 481 1573 Hae
496 1513 627 1574 oratione
642 1513 739 1574 habita
753 1522 833 1575 tanta
849 1515 1013 1575 constantia
1026 1514 1107 1574 vocis
1122 1521 1164 1572 at·
1175 1511 1225 1595 22,
1271 1506 1278 1551 ἶ

92 1616 153 1675 que
174 1597 288 1674 vultus,
312 1607 345 1658 ut
367 1617 428 1658 non
451 1617 486 1658 ex
507 1599 579 1671 vita,
603 1599 654 1658 sed
677 1618 711 1659 ex
734 1599 821 1659 domo
837 1599 866 1659 in
883 1600 1000 1659 domum
1017 1599 1164 1659 videretur

90 1683 234 1759 migrare,
258 1702 325 1743 cum
341 1683 460 1762 quidem
475 1683 604 1762 Agrippa
628 1703 695 1744 eum
716 1685 792 1744 flens
813 1692 900 1763 atque
916 1686 1052 1744 osculans
1067 1692 1165 1744 oraret
1179 1691 1194 1740 2

91 1776 180 1846 atque
208 1768 390 1843 obsecraret,
420 1788 457 1828 ne
487 1769 531 1842 id,
562 1770 640 1847 quod
669 1777 772 1830 natura
795 1780 928 1849 cogeret,
958 1769 1022 1848 ipse
1045 1788 1165 1848 quoque

91 1852 148 1912 sibi
172 1854 363 1927 acceleraret,
393 1862 421 1914 et
437 1854 574 1932 quoniam
590 1863 653 1914 tum
669 1873 788 1933 quoque
802 1861 907 1934 posset
916 1854 1100 1934 temporibus
1114 1872 1165 1913 su·
1242 1930 1245 1937 ι

91 1957 228 2016 peresse,
252 1957 283 1999 se
306 1939 361 1999 sibi
384 1939 506 2017 suisque
527 1948 705 2015 reservaret,
734 1959 838 2020 preces
860 1941 924 2001 eius
946 1941 1089 2003 taciturna
1112 1957 1165 1999 sua

164 2127 319 2175 intestinum
338 2124 499 2176 ‘Mastdarm'.

161 2196 186 2244 4.
215 2194 279 2258 doc,
304 2194 378 2244 uaiml.
402 2198 431 2243 ut
454 2209 500 2258 per
523 2194 622 2245 lumbos
649 2193 750 2246 fistulae
768 2194 837 2258 puris
856 2196 1024 2258 erumperent.
1043 2222 1076 2230 -
1094 2197 1163 2256 post-
1273 2244 1278 2253 ,

91 2265 310 2326 ‹petam—sensit.
335 2260 426 2312 Diesen
445 2261 553 2312 zweiten
574 2261 723 2312 Vordersatz
742 2262 855 2312 schalteu
874 2262 921 2310 wir
938 2262 963 2310 in
976 2261 1024 2311 den
1037 2260 1163 2311 Nachsatz
1246 2296 1251 2301 -

92 2330 144 2380 ein.
161 2357 195 2366 —
213 2329 301 2390 febres
319 2329 528 2381 ‘Fieberanfalle'.
547 2358 579 2366 -
599 2332 706 2379 accersi.
743 2328 768 2380 S.
787 2345 818 2379 zu
837 2327 900 2379 Dion
920 2332 944 2389 2,
963 2331 987 2380 2.

161 2397 192 2447 L.
213 2397 351 2448 Cornelius
373 2398 481 2462 Balbus,
505 2397 549 2448 der
567 2399 654 2459 dltere,
672 2397 819 2449 Vertrauter
837 2398 926 2447 Cdsars
943 2397 994 2447 und
1014 2395 1163 2454 Octavians;

92 2466 155 2517 Sere.
183 2466 346 2530 Peducaeus,
364 2466 427 2516 alter
444 2465 542 2517 Freund
561 2465 606 2517 des
624 2466 731 2516 Atticus.

162 2538 188 2586 5.
204 2537 233 2583 ic
251 2535 404 2585 valetudine
420 2535 587 2584 mentuenda
605 2533 654 2584 ‘liu
671 2533 862 2598 dieErbaltung
879 2533 975 2583 meiuer
988 2531 1162 2591 Gesundbeit'‚

92 2602 231 2668 eigeutlich
250 2603 292 2652 ‘im
310 2602 408 2653 Puncte
426 2602 470 2652 der
487 2602 644 2668 Erhaltung'.

117 2676 124 2684 “
162 2669 264 2734 Quibus
282 2670 382 2721 bezieht
400 2670 453 2721 sich
473 2670 518 2720 aul
532 2686 585 2719 vos.
604 2699 637 2707 -
655 2670 775 2731 satisfeci
792 2668 839 2719 mit
857 2668 914 2720 dem
924 2667 983 2719 Acc.
1003 2686 1023 2719 c.
1044 2667 1163 2720 lulhurz

92 2739 133 2789 ltu
160 2738 293 2804 satisfeci,
319 2746 352 2788 ct
377 2739 492 2789 credatis
518 2755 559 2790 me
582 2754 607 2789 u.
631 2754 651 2789 s.
674 2753 707 2788 w.
743 2737 896 2788 Uebersetze
920 2738 1106 2802 ‘riberzeugen’.
1130 2766 1164 2773 —

92 2808 233 2856 consulam
251 2807 343 2858 ‘helle'.

163 2875 196 2923 Id
212 2891 258 2925 vos
276 2879 406 2940 ignorare
422 2876 507 2925 calci.
543 2875 598 2925 Wir
621 2875 736 2926 ‘dardber
754 2872 820 2924 habe
838 2872 879 2923 ich
891 2874 962 2925 euch
982 2874 1051 2925 nicht
1068 2875 1094 2924 in
1113 2874 1163 2924 Un-
1261 2872 1264 2877 '

94 2942 229 2994 kenntuiss
247 2944 330 2995 lassen
349 2942 461 2993 wollen’.

165 3014 189 3063 6.
207 3015 324 3076 primum
342 3012 392 3061 wie
410 3011 481 3061 Eum.
500 3014 524 3070 6,
542 3013 571 3068 2;
591 3010 694 3074 deinde,
713 3009 788 3062 udml.
808 3013 890 3060 ‘weun
910 3010 949 3060 ihr
972 3011 1046 3073 jenes
1064 3011 1164 3060 Erstere

94 3078 167 3129 nicht
191 3078 287 3131 ledunt’.
304 3101 338 3119 =
364 3081 470 3141 frustra
497 3079 588 3144 gehdrt
614 3094 645 3129 zu
672 3079 847 3128 dehortando.
864 3105 900 3116 -
917 3078 1062 3144 impedire,
1089 3078 1165 3128 ndml.

95 3147 230 3198 consilium
248 3163 341 3200 meum.

165 3211 214 3270 22.
235 3221 256 3268 1.
275 3218 426 3266 constantio
445 3214 609 3280 ‘Festiglreit’.
628 3244 660 3251 —
679 3217 703 3266 2.
725 3231 784 3266 cum
811 3215 916 3279 quidem
940 3215 990 3266 wie
1010 3215 1072 3264 Cato
1097 3218 1121 3276 2,
1140 3218 1164 3266 2.

93 3282 141 3334 Die
159 3283 248 3335 Worte
266 3301 325 3334 cum
344 3284 450 3350 quidem
461 3289 647 3343 -reservoret
665 3283 777 3349 geh'dren
796 3299 852 3334 zum
871 3282 1018 3348 Folgenden
1037 3282 1089 3332 und
1108 3282 1164 3333 sind

93 3351 129 3401 im
149 3351 292 3404 [teutschen
311 3352 374 3403 nach
394 3351 450 3402 dem
469 3351 581 3401 Verbum
599 3351 644 3402 des
663 3351 832 3417 Hauptsatzes
851 3349 1052 3402 einzuscbieben.

164 3423 231 3482 flens
250 3428 329 3487 atque
348 3421 470 3470 occiduas
488 3422 571 3469 ‘uuter
588 3418 705 3470 Thrinen
724 3419 775 3470 und
792 3418 908 3470 lliissen'.
925 3448 959 3455 -
977 3419 1049 3484 quod
1064 3419 1164 3471 ‘wozu'.

95 3487 131 3539 So
150 3504 199 3538 nur
217 3489 260 3540 der
277 3489 414 3540 Accusativ
440 3487 484 3538 des
507 3487 643 3539 Neutrums
668 3488 737 3539 eines
761 3488 917 3538 Pronomens
942 3487 1003 3538 oder
1025 3485 1164 3538 zahlenden

95 3556 236 3619 Adjective.
267 3557 371 3622 Madvig
388 3558 403 3621 ᾗ
422 3558 471 3608 228
490 3573 503 3606 c
522 3557 594 3606 Anm.

165 3631 199 3675 ct.
235 3625 326 3676 Hierzu
353 3627 387 3675 ist
414 3631 446 3674 ut
470 3638 516 3674 aus
544 3640 578 3674 nc
603 3640 634 3675 zu
659 3623 820 3676 entnebmen.
846 3653 876 3661 —-
897 3630 952 3673 tom
971 3639 1074 3688 quoque
1091 3623 1163 3673 ‘auch

90 3695 175 3757 jetzt',
193 3697 259 3744 trotz
278 3696 361 3745 seines
386 3691 535 3744 Zostandes.
570 3691 619 3744 Der
641 3692 757 3743 Lateiner
780 3698 837 3759 sagt
861 3692 1022 3758 gewdhnlich
1045 3706 1093 3741 nur
1113 3706 1164 3741 von

94 3761 141 3812 der
158 3760 221 3823 Zeit,
240 3762 264 3811 iu
284 3762 329 3812 der
346 3777 373 3812 er
391 3760 502 3812 schreibt
520 3761 580 3812 oder
598 3760 678 3825 redet,
697 3761 747 3811 und
766 3777 843 3812 weun
861 3776 888 3812 er
915 3761 988 3813 einen
1012 3759 1114 3810 Andern
1137 3759 1163 3808 in

96 3829 143 3880 der
153 3829 362 3896 Vorgangenheit
379 3829 456 3880 reden
474 3828 547 3894 ldsst,
564 3844 611 3881 nur
628 3830 653 3879 in
671 3829 778 3880 directer
796 3829 866 3881 Rede
883 3845 965 3882 nunc.
984 3858 1015 3867 -
1037 3831 1164 3896 tempori-

149 3931 264 3971 Oornelius
278 3932 358 3982 Nepos.
386 3933 405 3972 6.
418 3931 476 3969 Aufl.
981 3915 1012 3963 12
