2580 4372
143 184 203 245 112
523 187 611 240 XVIII.
629 185 787 240 eumenus.
805 191 830 241 3.

142 382 194 423 nes
209 363 398 423 coniecerant
412 378 480 421 eum
495 378 622 438 regnum
637 360 662 420 ei
678 359 870 433 commisisse,
886 360 984 438 quoad
997 359 1083 421 liberi
1098 360 1165 420 eius
1182 359 1213 419 in

142 467 223 509 suam
240 446 359 509 tutelam
375 444 593 524 pervenissent:
616 444 715 505 aberat
736 445 816 505 enim
839 444 974 506 Crateros
994 453 1024 505 et
1044 444 1213 523 Antipater,

142 533 193 612 qui
207 531 381 594 antecedere
396 531 476 590 bunc
490 528 677 604 videbantur3
693 538 828 591 mortuus
843 538 904 590 erat
919 529 1109 608 Hephaestio,
1123 550 1215 610 quem

144 636 237 679 unum
253 616 432 689 Alexander,
453 614 533 693 quod
556 614 639 675 lacile
660 614 792 692 intellegi
808 623 918 693 posset,
943 615 1063 693 plurimi
1077 615 1213 691 lecerat),

143 703 201 763 boc
216 711 349 780 tempore
364 700 428 761 data
444 708 489 760 est
502 699 629 785 Eumeni
647 698 827 778 Cappadocia
842 699 902 759 sive
918 700 1018 778 potius
1034 699 1127 761 dicta:
1144 718 1214 761 nam

115 795 206 849 turm
222 787 253 847 in
268 787 398 847 bostium
414 791 476 844 erat
494 792 647 863 potestate.
677 783 765 844 Hunc
786 783 842 844 sibi
863 782 1019 845 Perdiccas
1039 784 1215 847 adiunxerat

143 890 250 950 magno
271 871 385 943 studio,
412 868 491 947 quod
517 868 549 930 in
575 869 695 929 bomine
715 869 801 929 [idem
822 876 852 927 et
876 868 1051 931 industriam
1076 888 1216 949 magnam

143 957 266 1030 videbat,
283 975 343 1016 non
359 954 507 1029 dubitans
522 954 548 1014 si
563 973 631 1015 eum
646 952 821 1033 pellexisset,
837 972 945 1033 magno
955 955 1023 1015 usui
1033 956 1098 1015 lore
1113 955 1172 1017 sibi
1183 956 1214 1016 in

145 1043 180 1103 iis
194 1040 293 1115 rebus,
310 1058 382 1120 quas
397 1038 564 1119 apparabat.
595 1038 746 1117 Cogitabat
760 1038 855 1113 enim,
877 1039 958 1116 quod
978 1040 1041 1100 lere
1062 1058 1169 1103 omnes
1183 1040 1215 1101 in

144 1126 258 1205 magnis
280 1123 411 1205 imperiis
432 1123 664 1203 concupiscunt,
686 1123 818 1184 omnium
839 1123 931 1202 partis
952 1124 1104 1204 corripere
1126 1132 1215 1204 atque

115 1210 311 1290 tcomplecti.
340 1209 443 1287 Neque
465 1227 532 1268 vero
553 1209 611 1269 boc
627 1207 676 1270 ille
697 1208 778 1269 solus
801 1209 886 1282 lecit,
908 1208 960 1269 sed
981 1209 1071 1270 ceteri
1092 1227 1214 1288 quoque

146 1314 265 1364 omnes,
288 1294 338 1374 qui
360 1294 515 1355 Alexandri
531 1294 649 1355 luerent
669 1292 764 1353 amici.
794 1291 911 1354 Primus
932 1294 1104 1356 Leonnatus
1118 1293 1214 1355 blace-

146 1379 263 1440 doniam
293 1396 510 1458 praeoccupare
539 1377 703 1439 destinavit.
747 1377 775 1438 ls
801 1377 902 1438 multis
930 1378 1106 1458 magnisque
1127 1378 1215 1459 polli-

146 1463 335 1527 citationibus
350 1462 526 1542 persuadere
541 1462 667 1525 Eumeni
682 1462 804 1535 studuit,
828 1470 860 1522 ut
874 1462 1045 1525 Perdiccam
1065 1463 1216 1525 desereret

118 1563 181 1613 tac
195 1567 295 1609 secum
311 1549 420 1608 laceret
441 1547 618 1608 societatem.
650 1547 723 1609 Cum
745 1547 908 1626 perducere
931 1567 999 1610 oum
1020 1567 1082 1609 non
1104 1560 1214 1628 posset,

146 1634 312 1695 interlicere
327 1641 451 1693 conatus
466 1641 527 1706 est;
544 1640 574 1693 et
586 1632 715 1708 lecisset,
732 1632 789 1692 nisi
800 1631 848 1692 ibe
859 1632 933 1693 clam
949 1642 1040 1695 noctu
1052 1652 1088 1695 ex
1103 1634 1216 1713 praesi-

145 1719 201 1779 diis
216 1718 280 1779 eius
294 1717 452 1797 effugisset.

115 1809 134 1869 3
174 1818 177 1823 '
235 1803 356 1866 Interim
371 1802 496 1862 conflata
512 1811 582 1862 sunt
597 1801 643 1862 illa
659 1801 744 1877 bella,
761 1818 835 1878 quae
850 1800 885 1861 ad
906 1801 1135 1864 internicionem
1148 1809 1218 1882 post

147 1887 303 1949 Alexandri
316 1895 442 1948 mortem
464 1893 544 1965 gesta
558 1895 641 1960 sunt,
669 1904 832 1965 omnesque
854 1894 1075 1947 concurrerunt
1093 1887 1130 1949 ad
1144 1887 1217 1949 Per-

147 1972 257 2033 diccam
273 1971 510 2052 opprimendum.
541 1971 634 2042 Quem
656 1971 710 2033 etsi
732 1971 882 2030 infirmum
896 1969 1019 2046 videbat,
1041 1973 1123 2051 quod
1138 1990 1218 2033 unus

147 2057 284 2117 omnibus
300 2056 437 2117 resistere
452 2055 620 2133 cogebatur,
636 2062 734 2116 tamen
749 2054 875 2114 amicum
890 2074 952 2115 non
974 2055 1106 2119 deseruit
1120 2076 1218 2137 neque

116 2141 249 2214 2satutis
271 2159 359 2220 quam
381 2140 447 2200 fidei
463 2141 518 2201 luit
539 2140 684 2219 cupidior.
714 2138 898 2200 Praefccerat
910 2144 994 2201 bunc
1014 2138 1173 2205 Perdiccas
1189 2142 1215 2202 ei

147 2225 222 2306 parti
229 2226 323 2300 Asiae,
335 2244 410 2304 quae
422 2225 499 2287 inter
510 2225 640 2287 'laurum
651 2232 783 2287 montem
794 2224 868 2284 iacet
879 2233 966 2303 atque
978 2223 1217 2306 Hellespontum,

213 2363 242 2409 iu
259 2374 336 2409 suam
355 2359 471 2422 tutelam,
488 2358 514 2409 in
531 2358 585 2409 ibre
603 2357 677 2424 eigne
696 2356 917 2423 Vormundsobaft,
935 2363 988 2409 ‘zur
1005 2356 1095 2411 Mundi
1113 2358 1185 2411 lxeit'.

215 2428 315 2505 aberat,
333 2427 418 2479 indem
432 2426 508 2491 jedes
526 2425 571 2477 der
593 2423 728 2491 folgenden
755 2425 874 2489 SubJeete
898 2425 996 2477 einzeln
1021 2441 1080 2479 zum
1128 2427 1218 2481 erbum

146 2494 349 2613 gedaccb'tapgtim'
376 2560 410 2613 Es
428 2561 461 2612 ist
479 2561 520 2611 die
537 2559 694 2626 griechisclre
711 2559 820 2628 Endung
836 2559 876 2611 ldr
893 2560 934 2611 die
951 2560 1102 2613 lateiniscbe
1119 2576 1151 2613 ue
1166 2561 1220 2613 bei·

147 2629 273 2682 behalten.
292 2660 325 2668 —
343 2644 426 2679 unum
443 2628 494 2678 wie
510 2627 574 2679 Milt.
595 2632 616 2692 1,
638 2632 659 2680 1.
678 2657 711 2665 -
728 2634 823 2691 posset,
843 2628 901 2679 weil
920 2627 964 2679 der
973 2627 1094 2681 Gedanlre
1112 2628 1146 2681 ist
1154 2631 1219 2681 ‘was

148 2715 176 2751 so
194 2698 339 2749 beschallen
357 2712 418 2756 war,
438 2695 498 2747 dass
515 2698 549 2747 es'
569 2712 592 2747 n.
611 2712 631 2747 s.
649 2711 682 2747 w.
718 2695 742 2748 S.
762 2712 793 2747 zu
812 2696 965 2747 crederetur
981 2694 1046 2748 mitt.
1065 2700 1090 2760 3,
1108 2699 1132 2751 2.

215 2767 264 2816 boc
283 2771 399 2829 tempore
417 2763 506 2813 nimmt
523 2761 568 2814 das
578 2762 734 2814 Alexandro
753 2763 891 2830 Babylone
908 2769 1013 2815 mortuo
1031 2780 1092 2815 eum
1110 2781 1135 2816 u.
1154 2780 1176 2818 s.
1185 2779 1219 2815 w.

148 2831 242 2884 wieder
260 2830 309 2883 aul.
327 2861 361 2867 —
379 2830 452 2881 dieta
470 2829 525 2879 bier
541 2830 565 2880 in
585 2829 630 2881 der
647 2831 762 2882 seltenen
781 2831 933 2898 Bedeutung
951 2832 1098 2898 ‘zugesagt'.

217 2903 240 2952 3.
256 2900 383 2965 pellicere
400 2897 561 2966 ‘gewinnen'.
579 2928 613 2934 —
630 2898 698 2962 sore,
719 2914 783 2949 eum.
863 2934 867 2940 -

215 2971 248 3055 io,
262 2971 367 3033 mugnis
391 2969 511 3033 imperiis
533 2965 566 3017 ‘in
593 2981 699 3033 grossen
723 2966 869 3022 Gewalten';
888 2967 931 3018 ‘im
948 2966 1033 3019 Resitz
1051 2981 1155 3033 grosser
1172 2967 1221 3019 Ge·

149 3036 315 3170 Waltiiloitts,
334 3103 374 3154 dle
398 3102 517 3155 Antlieile
543 3117 574 3153 an
602 3102 646 3154 der
668 3103 814 3170 Regierung
837 3101 1001 3167 (namentlich
1024 3100 1064 3152 die
1087 3100 1221 3154 einzelnen

150 3172 309 3234 Provinzen)‚
328 3170 368 3222 die
387 3170 435 3222 den
454 3171 560 3237 iibrigen
577 3169 708 3222 Freuuden
727 3170 882 3222 Alexanders
899 3169 1043 3236 zugelallen
1060 3184 1156 3221 waren.

218 3242 354 3326 eor-'ripere
378 3244 458 3304 utque
482 3238 621 3303 complecti
637 3240 678 3290 ‘an
697 3238 751 3290 sich
770 3254 801 3289 zu
818 3238 913 3289 reissen
933 3237 984 3289 und
1001 3237 1028 3289 in
1046 3236 1130 3290 seiner
1144 3236 1220 3290 lland

150 3324 180 3358 zu
199 3322 411 3441 vileindddiicere.
447 3373 480 3424 Es
498 3371 561 3423 wird
579 3387 608 3422 eo
626 3374 742 3437 ergdnzt:
768 3372 900 3423 ubersetze
917 3372 1055 3423 ‘verleiten’
1080 3371 1143 3425 oder
1166 3375 1222 3440 ‘ge-

151 3442 268 3494 winnen'.
287 3471 320 3480 —
338 3459 371 3491 eu
388 3440 533 3506 praesidiis
551 3442 604 3490 ‘aus
622 3439 710 3490 seinen
728 3439 892 3506 Stellungen'.
920 3439 978 3506 Vgl.
995 3456 1027 3490 zu
1045 3440 1093 3507 Ag.
1113 3442 1139 3499 3,
1159 3444 1187 3495 4.

218 3506 246 3567 3.
278 3514 300 3561 1.
329 3512 376 3562 321
396 3526 421 3560 v.
440 3508 483 3559 Cb.
519 3508 604 3575 Nepos
623 3508 667 3559 bat
690 3506 786 3558 uberali
807 3507 856 3559 den
874 3506 1011 3559 Gbaralrter
1028 3507 1074 3559 des
1092 3507 1221 3561 Eumenes

150 3594 181 3695 l¹¹
200 3578 303 3697 ⁸l¹¹⁸ll
321 3576 464 3696 l'tl'tt·
478 3576 533 3695 ..t
550 3575 682 3696 butt
696 3575 1018 3695 tt‘ttttdbtlttt
1035 3575 1223 3697 bubasti

150 3661 320 3765 ‹rddialidbceie
338 3662 455 3780 dlellimg
472 3713 510 3765 als
528 3684 569 3764 die
580 3712 686 3778 iibrigen
705 3710 855 3763 lleerlribrer
873 3712 1020 3780 bebaupten
1037 3660 1142 3763 konntd.

217 3782 289 3832 eolus
307 3782 416 3833 ‘Leben'.
440 3811 463 3818 --
483 3780 538 3841 fuit
555 3780 680 3847 cupidior·
698 3777 798 3831 ‘dacble
817 3780 888 3833 melu
905 3782 954 3831 un’.

217 3853 240 3901 ⁶2.
258 3856 371 3901 montem
391 3850 444 3901 bier
460 3849 593 3914 ‘Gebirge'.
