2580 4372
7 221 27 239 .,
83 214 85 219 ·
177 181 217 242 22
540 181 569 235 ll.
588 179 837 235 rrlnmsrocnns.
856 187 880 235 l.

176 369 257 422 extra
272 359 511 438 Peloponnesum
526 357 616 418 ullam
639 357 742 418 urbem
758 373 859 416 muros
874 356 1002 443 habere,¹
1015 379 1053 421 ne
1069 369 1168 422 essent
1182 363 1250 424 loca

175 445 298 519 munita,
314 462 389 522 quae
403 443 504 504 hostes
518 444 714 522 possiderent,
729 441 924 503 Athenienses
945 444 1130 507 aedificantes
1145 447 1250 528 prohi-

145 531 246 592 3bere
261 537 332 592 sunt
346 528 454 590 conati.
476 528 540 588 Hoc
554 529 643 608 longe
658 527 714 588 alio
729 526 887 607 spectabat,
903 536 991 607 atque
1000 530 1091 591 videri
1101 531 1249 594 volebant.

7 644 12 655 ·
27 664 31 671 .
97 636 103 649 ·
176 615 371 676 Athenienses
383 613 461 674 enirn
477 613 590 674 duabus
604 612 743 689 victoriis,
758 612 940 674 Marathonia
955 622 985 674 et
999 615 1165 691 Salaminia,
1180 625 1250 678 tan-

175 708 235 762 tam
250 701 373 779 gloriam
388 699 466 778 apud
482 718 585 760 omnes
599 705 702 778 gentes
717 703 800 759 erant
816 699 977 775 consecuti,
993 710 1027 762 ut
1041 701 1251 781 intellegerent

145 784 398 847 ALacedaemonii
414 784 449 844 de
464 784 632 863 principatu
647 783 702 845 sibi
719 802 786 845 curn
807 782 854 843 his
876 789 1023 846 certamen
1046 787 1120 847 lore.
1151 788 1250 858 Quare

177 889 229 931 eos
244 889 332 950 quarn
352 869 568 931 infirmissimos
589 889 654 932 esse
675 868 819 930 volebant.
848 867 1009 947 Postquam
1030 879 1127 933 autern
1148 874 1249 934 audie·

176 964 248 1017 runt
262 973 365 1016 muros
380 953 497 1030 instrui,
512 955 625 1034 legatos
640 955 768 1015 Athenas
783 953 938 1030 miserunt,
961 956 1012 1034 qui
1033 956 1063 1016 id
1084 957 1148 1018 fieri
1168 967 1249 1019 veta-

176 1049 253 1102 rent.
269 1041 322 1102 His
333 1039 539 1120 praesentibus
551 1040 703 1102 desierunt
716 1058 751 1100 ac
766 1058 797 1100 se
810 1039 845 1099 de
857 1057 890 1099 ea
902 1058 935 1100 re
945 1040 1057 1118 legatos
1069 1042 1105 1103 ad
1115 1061 1166 1103 eos
1176 1044 1250 1104 mis·

36 1120 49 1177 .'
147 1136 264 1187 tsuros
279 1126 425 1187 dixerunt.
455 1124 538 1186 Hanc
552 1125 729 1204 legationem
743 1125 874 1202 suscepit
888 1125 1102 1188 Themistocles
1125 1135 1153 1188 et
1168 1129 1251 1190 solus

14 1232 20 1247 =
177 1211 274 1291 primo
290 1212 441 1290 profectus
457 1218 515 1285 est3
537 1211 644 1289 reliqui
658 1209 745 1289 legati
759 1216 791 1270 ut
805 1217 869 1270 tum
885 1210 1009 1287 exirent,
1025 1230 1093 1274 cum
1114 1213 1184 1274 satis
1207 1213 1250 1274 al·

176 1296 272 1357 titudo
287 1297 365 1357 muri
380 1303 525 1357 exstructa
539 1295 697 1370 rideretur,
713 1295 879 1375 praecepit:
902 1295 1021 1357 interim
1043 1316 1156 1373 omnes,
1172 1298 1250 1359 servi

177 1387 265 1460 atque
287 1381 383 1456 liberi,
399 1400 475 1461 opus
489 1382 621 1442 lacerent
635 1400 733 1460 neque
749 1378 801 1440 ulli
816 1380 883 1440 loco
898 1390 1063 1459 parcerent,
1079 1382 1139 1461 sive
1155 1402 1248 1460 sacer,

178 1466 237 1527 sive
260 1466 390 1546 privatus
412 1474 489 1528 esset
510 1467 570 1527 sive
585 1466 733 1546 publicus,
757 1464 941 1543 mundique,
965 1468 1044 1545 quod
1058 1468 1197 1529 idoneum
1214 1469 1251 1530 ad

178 1551 374 1612 muniendum
388 1558 538 1631 putarent,
561 1559 766 1631 congererent.
798 1550 863 1622 Quo
877 1550 988 1611 lactum
1004 1561 1058 1628 est,
1078 1560 1112 1613 ut
1127 1553 1257 1623 Athenis

145 1636 295 1704 'tensium
316 1637 445 1698 murier
466 1636 580 1699 sacellis
596 1636 800 1717 sepulcrisque
823 1643 1002 1696 constarent.
1035 1638 1249 1701 Themistocles

179 1728 276 1782 autem
290 1731 324 1783 ut
344 1723 594 1785 Lacedaemonem
616 1724 710 1796 venit,
733 1720 814 1783 adire
836 1721 872 1781 ad
892 1721 1080 1800 magistratus
1101 1723 1198 1785 noluit
1221 1733 1250 1786 et

72 1830 75 1835 ·
177 1806 258 1867 dedit
274 1827 402 1886 operam,
418 1817 452 1868 ut
467 1826 555 1887 quam
570 1808 742 1887 longissime
756 1813 874 1884 tempus
885 1807 1014 1881 duceret,
1027 1827 1145 1869 causam
1156 1808 1249 1871 inter-

146 1900 162 1953 2
177 1910 295 1970 ponens
316 1911 349 1952 se
364 1892 491 1972 collegas
513 1901 693 1972 exspectare.
727 1892 799 1953 Cum
815 1890 1038 1953 Lacedaemonii
1053 1902 1252 1972 quererentur

178 1994 254 2056 opus
268 1977 362 2038 nihilo
377 1978 476 2039 minus
491 1976 555 2038 fie'ri
571 1988 699 2057 euinque
713 1977 745 2037 in
762 1994 793 2038 ea
816 1994 849 2036 re
872 1976 973 2036 conari
995 1978 1106 2055 tallere,
1129 1980 1248 2041 interim

177 2061 283 2140 reliqui
299 2063 386 2140 legati
400 2071 471 2123 sunt
485 2063 646 2124 consecuti.
669 2060 813 2140 Aquihus
828 2078 896 2121 cum
907 2061 1037 2124 audisset
1052 2083 1113 2124 non
1123 2066 1249 2126 multum

177 2164 334 2226 superesse
360 2147 550 2224 munitionis,
579 2148 615 2208 ad
642 2148 771 2227 ephoros
792 2144 1091 2209 Lacedaemoniorum
1118 2150 1250 2226 accessit,

177 2251 271 2312 penes
293 2251 368 2311 quos
390 2251 538 2295 summum
560 2241 623 2294 erat
643 2233 810 2311 imperium,
833 2238 921 2310 atque
936 2232 1015 2312 apud
1030 2252 1081 2294 eos
1097 2235 1251 2296 contendit

1 2390 3 2400 y
178 2317 250 2377 falsa
264 2315 300 2378 iis
316 2337 381 2379 esse
396 2319 504 2380 delata:
530 2336 621 2398 quare
642 2336 770 2396 aequum
785 2335 850 2379 esse
872 2315 938 2377 illos
960 2317 1039 2379 viros
1053 2318 1149 2382 bonos
1164 2320 1250 2381 nobi-

13 2428 20 2487 s
99 2404 102 2409 ’
177 2402 281 2480 lesque
295 2403 420 2480 mittere,
437 2404 546 2484 quibus
560 2405 632 2473 fides
647 2402 815 2476 haberetur,
831 2402 882 2480 qui
897 2419 961 2464 rem
976 2404 1179 2483 explorarent3
1203 2406 1249 2466 in·

148 2495 257 2548 aterea
273 2508 305 2550 se
320 2488 452 2550 obsidem
472 2490 646 2550 retinerent.
683 2489 790 2550 Gestns
812 2495 857 2548 est
878 2487 905 2547 ei
926 2507 1006 2562 mos,
1028 2497 1149 2568 tresque
1162 2490 1251 2569 legati

178 2572 274 2633 functi
289 2574 411 2635 summis
433 2575 597 2635 honoribus
612 2573 742 2634 Athenas
756 2572 838 2634 missi
856 2580 934 2633 sunt.
973 2572 1045 2633 Cum
1060 2573 1107 2635 his
1122 2576 1250 2654 collegas

179 2676 249 2717 suos
264 2658 476 2720 Themistocles
491 2660 577 2721 iussit
590 2657 739 2738 proticisci
759 2657 865 2736 hisque
885 2657 1038 2736 praedixit,
1062 2666 1095 2721 ut
1115 2679 1153 2721 ne
1167 2661 1251 2740 prius

179 2804 313 2911 himen&
331 2792 727 2925 figrgtflglnffincetiiudrdcffllgg
750 2794 853 2911 {wggkl
868 2792 1179 2926 ἕξεεᾞιὲιῗηίέξέοᾝιῖἷ
1199 2809 1250 2914 Ξῖζ

178 2926 236 2991 ihr')
255 2928 294 2977 ‘zu
312 2928 465 2995 behanpten‚
482 2928 541 2980 dass
558 2928 634 2981 lisine
650 2927 733 2981 Stadt’
751 2943 776 2978 u.
795 2943 816 2980 s.
834 2944 867 2979 w.

248 2998 272 3048 3.
291 2999 462 3066 principatus
479 2996 660 3064 ‘Hegemonie’‚
677 2995 721 3048 der
737 2996 853 3063 Vorrang
876 3010 924 3046 vor
946 2995 994 3046 den
1019 2995 1125 3063 hbn'gen
1144 2997 1252 3063 griechi-

179 3063 258 3114 schen
276 3061 380 3116 Staaten
391 3065 451 3116 und
468 3065 510 3117 die
528 3064 692 3132 Oberleitung
708 3064 744 3115 im
761 3063 862 3130 llriege,
881 3062 978 3115 welche
996 3063 1037 3114 die
1054 3063 1252 3117 Laceddmonie'r

178 3131 276 3184 damnls
293 3132 389 3184 hatten.
424 3132 450 3185 S.
468 3137 493 3198 4,
511 3135 534 3186 2.
561 3133 603 3185 Ar.
622 3136 646 3198 2,
664 3134 679 3184 2
697 3147 723 3184 u.
743 3135 767 3184 3.

248 3203 272 3252 4.
299 3203 400 3251 instanti
425 3201 621 3268 ‘vorgerichtet’,
644 3201 775 3267 ‘angelegt
800 3196 923 3251 wdrden'.
941 3227 974 3237 -
992 3198 1128 3250 desierunt
1144 3200 1252 3252 Atheni-

179 3282 262 3328 enses,
279 3282 334 3320 was
349 3269 438 3320 hesser
453 3270 621 3337 hinzugeldgt
637 3272 715 3322 ware.

249 3344 272 3389 a.
289 3342 427 3389 chalmeto
443 3337 606 3404 ‘autgehaut'.
623 3366 657 3376 —
674 3338 830 3402 nequestatt
847 3333 891 3386 des
908 3348 1052 3399 geneneren
1068 3351 1141 3398 noua,
1159 3333 1209 3385 wie
1226 3334 1252 3385 in

179 3402 340 3472 abhdngigen
358 3404 464 3463 Sttzen.
476 3405 549 3471 diter,
576 3421 652 3457 wenn
677 3404 718 3456 ein
736 3401 914 3470 gleichartiger
931 3401 991 3454 Satn
1015 3403 1061 3454 mit
1083 3407 1121 3466 ut,
1140 3400 1252 3454 moder

179 3470 238 3528 dem
255 3472 359 3525 blossen
378 3474 531 3539 Gonp'nnctiv
548 3471 711 3540 vorausgeht.

188 3559 193 3569 ·
248 3538 296 3591 Der
313 3539 456 3608 Gegensatz
482 3558 514 3594 zu
540 3557 617 3593 sacer
633 3539 773 3608 (profanust
790 3539 825 3590 ist
851 3537 878 3589 in
901 3542 1025 3606 privatur
1048 3534 1100 3588 und
1126 3537 1251 3602 publicus

179 3621 325 3660 zusammen
342 3610 480 3663 enthalten.

249 3671 276 3730 7.
301 3679 326 3730 2.
350 3681 509 3730 munitionis
526 3678 580 3730 hier
598 3673 884 3742 ‘Belestigungsarbeit’.
901 3703 935 3712 -
951 3687 1082 3723 summum
1100 3675 1250 3737 imperium.

180 3741 272 3795 Besser
288 3760 342 3796 war
357 3762 461 3798 summa
478 3751 601 3814 potestne.
635 3743 707 3796 llenn
724 3743 766 3794 die
782 3741 900 3808 Ephoren
918 3755 1004 3792 waren
1021 3739 1196 3805 Girilheamte‚
1206 3741 1253 3792 mit

179 3809 225 3863 der
242 3810 418 3866 Oberautsicnt
435 3815 497 3867 iiber
514 3813 563 3866 alle
574 3811 895 3879 Staatsangelegenheiten.

249 3883 273 3934 3.
290 3882 502 3948 praestancior
520 3878 749 3948 gleichbedeutend
767 3879 813 3932 mit
828 3878 975 3945 praecepit.
