2580 4372
439 167 492 225 ιιι.
511 165 751 219 annumerans.
773 170 794 219 ι.
1039 124 1041 129 ¹
1116 162 1155 225 89

81 340 150 402 dem
164 339 263 400 locum
278 339 434 401 revertitur
448 340 536 418 atq'ue
551 340 602 415 ibi,
618 340 669 400 ubi
684 339 776 401 telum
792 350 853 402 erat
867 341 1022 413 infossum,
1038 339 1156 416 resedit,

82 432 117 486 ut
138 425 163 486 si
191 424 364 486 lassitudine
393 435 515 504 cuperet
542 426 745 504 acquiescere,
774 426 975 504 Datamenque
1002 424 1155 498 revocavit,

82 509 225 572 simulans
241 529 273 571 se
289 509 426 590 quiddam
448 510 479 571 in
502 511 650 590 colloquio
673 530 738 572 esse
753 511 887 572 oblitum.
916 510 1039 571 Interim
1053 510 1154 585 telum,
1169 521 1186 570 4

82 594 164 676 quod
178 596 295 671 latebat,
310 595 434 676 protulit
454 597 658 675 nudatumque
679 596 782 674 vagina
803 604 882 657 veste
903 596 975 657 texit
996 614 1029 656 ao
1044 595 1156 656 Datami

10 714 14 719 ·
80 681 214 742 venienti
240 681 295 744 ait:
323 681 534 758 digredientem
564 701 595 742 se
617 682 855 743 animadvertisse
877 682 976 742 locum
998 681 1154 759 quendam,

83 767 135 846 qui
151 767 259 828 eratin
276 774 449 847 conspectu,
472 767 508 828 ad
530 775 624 828 castra
642 769 781 846 ponenda
804 786 867 829 esse
882 768 1032 828 idoneum.
1062 765 1185 837 Quem5

40 876 42 881 ·
83 852 259 930 cumdigito
275 851 492 914 demonstraret
506 862 534 913 et
548 853 598 913 ille
612 853 783 932 respiceret,
806 871 940 914 aversum
960 853 1039 912 ferro
1061 859 1157 911 trans·

82 937 147 998 fixit
159 937 320 1016 priusque,
336 956 424 1016 quam
440 938 595 1017 quisquam
610 946 711 1017 posset
725 957 910 1014 succurrere,
928 937 1086 1000 interiecit.
1115 936 1157 997 lta

83 1022 135 1082 ille
147 1025 201 1096 vir,
216 1023 267 1100 qui
283 1022 393 1083 multos
409 1023 544 1099 consilio,
566 1023 716 1085 neminem
731 1024 853 1102 perfidia
874 1031 1001 1103 ceperat,
1023 1020 1158 1082 simulata

53 1173 55 1176 Α
83 1118 188 1187 eaptus
203 1117 247 1168 est
259 1107 395 1169 amicitia.

431 1258 485 1311 XV.
511 1257 814 1312 EPAhilNONDAS.

170 1360 384 1436 Enaumonnls‚
399 1361 582 1442 Polymnidis
606 1363 694 1436 lilius,
710 1362 879 1423 Thebanus.
917 1362 960 1424 De
980 1364 1037 1424 hoc
1057 1363 1156 1442 prius·

84 1464 173 1526 quam
188 1447 354 1522 scribimus,
366 1447 438 1509 haec
449 1448 656 1527 praecipienda
666 1449 803 1508 videntur
814 1447 984 1524 lectoribus,
997 1467 1034 1509 ne
1046 1448 1158 1510 alienos

83 1550 182 1593 mores
204 1531 240 1592 ad
260 1551 332 1593 snos
352 1533 481 1594 referant
502 1552 575 1594 neve
597 1551 647 1608 ea,
669 1534 839 1612 quaeipsis
861 1533 967 1594 leviora
990 1543 1069 1606 sunt,
1092 1534 1156 1612 pari

83 1616 172 1678 modo
195 1617 275 1696 apud
297 1627 411 1679 ceteros
433 1618 525 1680 luisse
547 1618 735 1686 arbitrentur,
780 1618 896 1678 Scimus
920 1619 998 1680 enim
1020 1620 1187 1680 musicena

85 1702 195 1764 nostris
210 1702 344 1764 moribus
359 1703 461 1765 abesse
476 1723 492 1764 a
507 1703 651 1782 principis
666 1721 803 1785 persona,
820 1704 924 1764 saltare
937 1722 1007 1763 vero
1023 1704 1110 1764 etiarn
1124 1703 1162 1764 in*

84 1787 162 1849 vitiis
184 1789 257 1867 poni
264 1806 272 1862 ;
296 1807 371 1867 quae
393 1789 492 1850 omnia
514 1788 593 1868 apud
615 1788 742 1849 Graecos
765 1798 795 1849 et
817 1797 897 1868 grata
919 1798 947 1850 et
961 1788 1047 1849 laude
1070 1788 1157 1866 digna

85 1873 245 1950 ducuntur.
278 1872 351 1935 Cum
366 1882 464 1934 autem
480 1874 644 1954 exprimere
659 1873 816 1952 imaginem
831 1873 1055 1934 consuetudinis
1070 1881 1158 1951 atque
1171 1881 1198 1932 3μ
1266 1924 1274 1937 .

83 1959 159 2019 vitae
173 1958 296 2018 velimus
310 1959 542 2039 Epaminondae,
558 1959 632 2019 nihil
646 1959 779 2020 videmur
793 1959 900 2020 debere
915 1959 1157 2038 praetermittere,

85 2043 164 2123 quod
179 2043 327 2122 pertineat
340 2045 376 2105 ad
392 2063 455 2105 eam
471 2045 682 2106 declarandam.
714 2043 810 2115 Quare
826 2045 956 2106 dicemus
977 2045 1107 2123 primum
1122 2044 1188 2106 del
1272 2057 1275 2063 ’

85 2147 195 2207 genere
210 2128 283 2201 eius,
300 2128 416 2203 deinde,
433 2130 541 2208 quibus
556 2129 719 2208 disciplinis
741 2138 769 2190 et
790 2149 805 2190 a
827 2131 936 2209 quibus
957 2130 996 2190 sit
1010 2129 1158 2204 eruditus;

84 2221 149 2274 tum
164 2213 200 2275 de
214 2214 348 2274 moribus
362 2215 534 2294 ingeniique
549 2215 750 2290 facultatibuS,
773 2223 802 2276 et
823 2217 848 2276 si
869 2235 927 2295 qua
948 2215 1002 2276 alia
1017 2215 1159 2276 memoria

155 2398 236 2449 telum
255 2399 320 2450 ‘eine
337 2398 437 2462 Watse’,
454 2399 525 2451 nicht
542 2399 591 2451 ‘die
609 2398 707 2451 Walfe'.
725 2427 759 2436 —
778 2398 905 2465 quiddam
930 2398 986 2450 eine
1004 2397 1100 2462 Sache,
1117 2397 1159 2450 die

85 2481 113 2518 er
131 2466 279 2519 andeutete:
298 2467 363 2520 ‘eine
381 2468 491 2535 gewisse
508 2467 607 2520 Sache’.

55 2591 57 2594 ,
154 2537 179 2586 4.
203 2538 251 2600 qut
274 2541 333 2585 erat
354 2539 382 2586 in
401 2542 550 2601 conspeetu.
585 2534 747 2601 Bemerkung
770 2535 815 2587 des
840 2533 934 2602 Nepos.
951 2563 985 2571 -
1003 2537 1028 2585 5.
1046 2534 1157 2585 consilio
1180 2583 1182 2587 .

85 2602 137 2654 wie
155 2600 244 2654 Thena.
263 2606 288 2668 l,
306 2607 331 2656 5.

462 2750 464 2755 f
528 2722 716 2774 Eramrornas.

158 2819 183 2878 1.
204 2826 225 2873 1.
244 2822 326 2875 Ueber
344 2821 393 2874 den
410 2823 512 2890 Aniang
529 2839 562 2874 zu
580 2822 668 2875 Them.
689 2828 712 2886 1,
734 2827 753 2876 l.
772 2852 805 2861 ·-
824 2823 939 2874 adauae
963 2822 1086 2884 reserant
1109 2821 1158 2888 eig.

85 2895 128 2943 ‘an
146 2890 187 2942 die
204 2891 304 2958 ihaigen
323 2891 371 2956 (als
389 2906 421 2943 an
445 2891 486 2944 die
511 2891 709 2944 entscheidende
730 2892 843 2954 Instanz]
866 2892 991 2958 hringen',
1014 2889 1087 2941 ‘nach
1111 2888 1162 2941 den

84 2960 185 3026 ihrigen
201 2958 379 3011 hemtheilen’.
397 2989 431 2998 -
449 2963 514 3026 ipsis
533 2960 692 3011 terramala
708 2960 781 3012 ihren
798 2959 889 3026 Augen
914 2975 945 3010 zu
969 2958 1055 3024 weaig
1072 2959 1158 3009 ernst’.

66 3027 247 3159 ‘vghgmiq
263 3095 341 3147 nimi.
358 3096 472 3148 leviora:
490 3095 558 3148 ‘dass
576 3095 675 3147 esdies’
693 3111 718 3146 u.
737 3110 757 3147 s.
776 3111 810 3147 w.
840 3094 935 3146 roasa
949 3095 999 3146 wie
1016 3109 1053 3161 pr.
1073 3097 1087 3146 5
1097 3093 1160 3154 suit.
1268 3140 1271 3145 .

68 3192 73 3197 ·
155 3165 287 3216 zebeam
303 3162 366 3215 ‘iem
384 3164 455 3229 sein,
479 3165 507 3216 ia
531 3163 588 3217 dem
607 3161 685 3216 Saone
711 3163 775 3215 ‘sach
798 3162 868 3214 meht
893 3178 1006 3216 nemen.
1041 3163 1163 3214 Pomona
1273 3190 1280 3203 ι

83 3235 219 3350 priqqp‘pis
241 3230 440 3352 ‘shochgestellte
462 3231 682 3286 Personlichkeit'.
716 3230 741 3284 S.
760 3247 791 3284 zu
814 3246 853 3298 pr.
873 3235 893 3284 t.
929 3232 1012 3284 [leber
1033 3233 1160 3297 prirteepe

86 3316 118 3352 zu
177 3314 225 3352 em.
262 3302 310 3352 .3.

154 3371 179 3421 3.
197 3370 350 3434 commeta
365 3367 414 3434 eig.
433 3367 608 3428 ‘abdruolren’3
635 3367 769 3420 tabersetze
793 3367 938 3419 ‘zeichuen'.
962 3393 996 3407 -
1020 3369 1160 3415 eonsuetu-

86 3435 160 3493 dinte
186 3440 266 3501 atque
292 3438 363 3486 vitae
384 3435 439 3490 ‘der
459 3437 546 3490 Weise
570 3435 621 3488 und
644 3435 689 3489 des
705 3435 824 3495 Lebens';
848 3436 924 3499 ienee
948 3432 1097 3485 bezeichnet
1118 3430 1160 3484 die

85 3502 174 3571 Regcl.
186 3503 270 3557 seines
287 3503 447 3570 Verlaaltens,
466 3504 515 3558 deu
534 3505 669 3557 character
686 3504 769 3557 eeiaer
786 3502 961 3570 flandlungen,
984 3501 1067 3554 dieses
1090 3500 1160 3553 seiae

85 3571 255 3638 Handlungea
272 3571 361 3624 selbot.

155 3640 277 3691 videmur
293 3641 349 3692 ‘wir
369 3639 497 3707 glauben'.
516 3669 551 3680 -
568 3643 702 3706 pertineat
719 3638 828 3691 ‘dient'.'
848 3637 898 3689 lter
915 3637 986 3701 Conj.
1005 3636 1055 3689 wie
1072 3635 1161 3688 Thrae

86 3711 112 3771 4,
139 3711 158 3761 2
183 3711 381 3773 commiscent.
399 3735 434 3747 —
451 3725 523 3774 eam,
550 3707 759 3761 consuetudinem
786 3713 864 3772 atque
885 3706 985 3768 uitam,
1003 3704 1102 3757 welche
1123 3704 1162 3757 als

86 3776 191 3829 Eiuheit
208 3776 305 3844 gelasst
322 3776 387 3829 sind.
692 3815 695 3819 .

156 3848 181 3898 4.
208 3844 367 3910 disciptinae
393 3842 658 3910 ‘Lehrgegenstiade'.
686 3872 719 3881 —
744 3843 863 3894 moribus
886 3843 935 3894 wie
959 3839 1024 3892 Ilion
1044 3843 1066 3904 t,
1085 3841 1110 3893 3.
